@Article{heister2015primal,
  title={A primal-dual active set method and predictor-corrector mesh adaptivity for computing fracture propagation using a phase-field approach},
  author={Heister, Timo and Wheeler, Mary F and Wick, Thomas},
  journal={Comput. Methods Appl. Mech. Engrg.},
  volume={290},
  pages={466--495},
  year={2015},
  publisher={Elsevier}
}

@Article{lee2017iterative,
  title={Iterative coupling of flow, geomechanics and adaptive phase-field fracture including level-set crack width approaches},
  author={Lee, Sanghyun and Wheeler, Mary F and Wick, Thomas},
  journal={Journal of Computational and Applied Mathematics},
  volume={314},
  pages={40--60},
  year={2017},
  publisher={Elsevier}
}

@Article{he2018modeling,
  title={Modeling hydraulic cracks and inclusion interaction using XFEM},
  author={He, Bo and Zhuang, Xiaoying},
  journal={Underground Space},
  volume={3},
  number={3},
  pages={218--228},
  year={2018},
  publisher={Elsevier}
}

@Article{Wick-adaptive-2020,
  title={pfm-cracks: A parallel-adaptive framework for phase-field fracture propagation},
  author={Heister, Timo and Wick, Thomas},
  journal={Software Impacts},
  volume={6},
  pages={100045},
  year={2020}
}

@Article{Gupta-adaptive-2022,
  title={An adaptive mesh refinement algorithm for phase-field fracture models: Application to brittle, cohesive, and dynamic fracture},
  author={Gupta, Abhinav and Krishnan, U.\ Meenu and Mandal, Tushar Kanti and Chowdhury, Rajib and Nguyen, Vinh Phu},
  journal={Comput. Methods Appl. Mech. Engrg.},
  volume={399},
  pages={115347},
  year={2022}
}

@Article{jang2020analysis,
  title={Analysis of Hydraulic Fracture Propagation Using a Mixed Mode and a Uniaxial Strain Model considering Geomechanical Properties in a Naturally Fractured Shale Reservoir},
  author={Jang, Youngho and Park, Gayoung and Kwon, Seoyoon and Min, Baehyun},
  journal={Geofluids},
  volume={2020},
  year={2020},
  publisher={Hindawi}
}

@Article{grossman2019algorithm,
  title={An algorithm for the simulation of curvilinear plane-strain and axisymmetric hydraulic fractures with lag using the universal meshes},
  author={Grossman-Ponemon, Benjamin E and Lew, Adrian J},
  journal={Int. J. Numer. Anal. Methods Geomech.},
  volume={43},
  number={6},
  pages={1251--1278},
  year={2019},
  publisher={Wiley Online Library}
}

@Article{10.1115/1.3656897,
    author = {Erdogan, F. and Sih, G. C.},
    title = "{On the Crack Extension in Plates Under Plane Loading and Transverse Shear}",
    journal = {Jour. of Basic Eng.},
    volume = {85},
    number = {4},
    pages = {519-525},
    year = {1963},
    month = {12},
    issn = {0021-9223}
}

@Article{williams1972fracture,
  title={Fracture under complex stressâ€”the angled crack problem},
  author={Williams, JG and Ewing, PD},
  journal={Int. J. of Frac. Mech.},
  volume={8},
  number={4},
  pages={441--446},
  year={1972},
  publisher={Springer}
}

@Article{finnie1973note,
  title={A note on the angled crack problem and the directional stability of cracks},
  author={Finnie, I and Saith, A},
  journal={Int. J. of Fracture},
  volume={9},
  number={4},
  pages={484--486},
  year={1973},
  publisher={Springer}
}

@Article{ewing1976further,
  title={Further results on the angled crack problem},
  author={Ewing, PD and Swedlow, JL and Williams, JG},
  journal={Int. J. of Fracture},
  volume={12},
  number={1},
  pages={85--93},
  year={1976},
  publisher={Springer}
}

@Article{cotterell1965brittle,
  title={On brittle fracture paths},
  author={Cotterell, B},
  journal={Int. J. of Frac. Mech.},
  volume={1},
  number={2},
  pages={96--103},
  year={1965},
  publisher={Springer}
}


@inproceedings{hussain1974strain,
  title={Strain Energy Release Rate for},
  author={Hussain, MA and Pu, L and Underwood, J},
  booktitle={Proceedings of the 1973 National Symposium on Fracture Mechanics, University of Maryland, College Park, Md., 27-29 Aug. 1973},
  volume={559},
  pages={2},
  year={1974}
}

@Article{hu2020frictionless,
  title={A phase-field model of fracture with frictionless contact and random fracture properties: {A}pplication to thin-film fracture and soil desiccation},
  author={Tianchen, Hu and Guilleminot, Johann and Dolbow, John},
  journal={Comput. Methods Appl. Mech. Engrg.},
  volume={368},
  year={2020},
  publisher={Elsevier}
}

@Article{Oyen:jop2021,
  title={On the failure and fracture of hydrogels for cartilage replacement},
  author={Cook, R.A. and Oyen, M.L.},
  journal={Journal of Physics: Materials},
  volume={4},
  number={2},
  pages={021001},
  year={2021}
}

@Article{griffith1921vi,
  title={VI. {T}he phenomena of rupture and flow in solids},
  author={Griffith, Alan Arnold},
  journal={Phil. Trans. of the Royal Soc. of London. Series A},
  volume={221},
  number={582-593},
  pages={163--198},
  year={1921},
  publisher={The royal society London}
}

@Article{gupta2018coupled,
  author    = {Gupta, P. and Duarte, C. A.},
  title     = {Coupled hydromechanical-fracture simulations of nonplanar three-dimensional hydraulic fracture propagation},
  number    = {1},
  pages     = {143--180},
  volume    = {42},
  journal   = {Int. J. Numer. Anal. Methods Geomech.},
  publisher = {Wiley Online Library},
  year      = {2018},
}

@Article{tamayo2015medial,
  title={A medial-axis-based model for propagating cracks in a regularised bulk},
  author={Tamayo-Mas, Elena and Rodr{\'\i}guez-Ferran, Antonio},
  journal={Internat. J. Numer. Methods Engrg.},
  volume={101},
  number={7},
  pages={489--520},
  year={2015},
  publisher={Wiley Online Library}
}

@Article{santillan2018phase,
  author    = {Santill{\'a}n, D. and Juanes, R. and Cueto-Felgueroso, L.},
  title     = {Phase field model of hydraulic fracturing in poroelastic media: {F}racture propagation, arrest, and branching under fluid injection and extraction},
  number    = {3},
  pages     = {2127--2155},
  volume    = {123},
  journal   = {Jour. of Geophy. Res.: Solid Earth},
  publisher = {Wiley Online Library},
  year      = {2018},
}

@Article{gupta2014simulation,
  author    = {Gupta, P. and Duarte, C. A.},
  title     = {Simulation of non-planar three-dimensional hydraulic fracture propagation},
  number    = {13},
  pages     = {1397--1430},
  volume    = {38},
  journal   = {Int. J. Numer. Anal. Methods Geomech.},
  publisher = {Wiley Online Library},
  year      = {2014},
}

@Article{shauer2022three,
  author    = {Shauer, N. and Duarte, C. A.},
  title     = {A three-dimensional {G}eneralized {F}inite {E}lement {M}ethod for simultaneous propagation of multiple hydraulic fractures from a wellbore},
  pages     = {108360},
  volume    = {265},
  journal   = {Eng. Fract. Mech.},
  publisher = {Elsevier},
  year      = {2022},
}

@Article{lee2001hierarchical,
  author    = {Lee, S.H. and Lough, M.F. and Jensen, C.L.},
  title     = {Hierarchical modeling of flow in naturally fractured formations with multiple length scales},
  number    = {3},
  pages     = {443--455},
  volume    = {37},
  journal   = {Water Resources Research},
  publisher = {Wiley Online Library},
  year      = {2001},
}

@Article{moes1999finite,
  author    = {Mo{\"e}s, N. and Dolbow, J. and Belytschko, T.},
  title     = {A finite element method for crack growth without remeshing},
  number    = {1},
  pages     = {131--150},
  volume    = {46},
  journal   = {Internat. J. Numer. Methods Engrg.},
  publisher = {Wiley Online Library},
  year      = {1999},
}

@Article{bourdin2000numerical,
  author    = {Bourdin, B. and Francfort, G. A. and Marigo, J.-J.},
  title     = {Numerical experiments in revisited brittle fracture},
  number    = {4},
  pages     = {797--826},
  volume    = {48},
  journal   = {J. Mech. Phys. Solids},
  publisher = {Elsevier},
  year      = {2000},
}

@Article{wick2017modified,
  author    = {Wick, T.},
  title     = {Modified Newton methods for solving fully monolithic phase-field quasi-static brittle fracture propagation},
  pages     = {577--611},
  volume    = {325},
  journal   = {Comput. Methods Appl. Mech. Engrg.},
  publisher = {Elsevier},
  year      = {2017},
}

@Article{farrell2017linear,
  author    = {Farrell, P. and Maurini, C.},
  title     = {Linear and nonlinear solvers for variational phase-field models of brittle fracture},
  number    = {5},
  pages     = {648--667},
  volume    = {109},
  journal   = {Internat. J. Numer. Methods Engrg.},
  publisher = {Wiley Online Library},
  year      = {2017},
}

@InProceedings{kuhn1951nonlinear,
  author       = {Kuhn, H. W. and Tucker, A. W.},
  booktitle    = {Proceedings of the {S}econd {B}erkeley {S}ymposium on {M}athematical {S}tatistics and {P}robability},
  title        = {Nonlinear {P}rogramming},
  organization = {University of California Press},
  pages        = {481--492},
  year         = {1951},
}

@Article{mikelic2015phase2,
  author    = {Mikelic, A. and Wheeler, M. F. and Wick, T.},
  title     = {A phase-field method for propagating fluid-filled fractures coupled to a surrounding porous medium},
  number    = {1},
  pages     = {367--398},
  volume    = {13},
  journal   = {Multi. Model. \& Simulation},
  publisher = {SIAM},
  year      = {2015},
}

@Article{mikelic2015phase1,
  author    = {Mikeli{\'c}, A. and Wheeler, M. F. and Wick, T.},
  title     = {Phase-field modeling of a fluid-driven fracture in a poroelastic medium},
  number    = {6},
  pages     = {1171--1195},
  volume    = {19},
  journal   = {Comput. Geosci.},
  publisher = {Springer},
  year      = {2015},
}

@Article{mcclure2018resfrac,
  author  = {McClure, M. and Kang, C. and Medam, S. and Hewson, C.},
  title   = {Res{F}rac technical writeup},
  journal = {arXiv preprint arXiv:1804.02092},
  year    = {2018},
}

@Article{isida1973analysis,
  author    = {Isida, M.},
  title     = {Analysis of stress intensity factors for the tension of a centrally cracked strip with stiffened edges},
  number    = {3},
  pages     = {647--665},
  volume    = {5},
  journal   = {Eng. Fract. Mech.},
  publisher = {Elsevier},
  year      = {1973},
}

@Article{lecampion2018numerical,
  author    = {Lecampion, B. and Bunger, A. and Zhang, X.},
  title     = {Numerical methods for hydraulic fracture propagation: a review of recent trends},
  pages     = {66--83},
  volume    = {49},
  journal   = {Jour. of Nat. Gas Sci. and Engrg},
  publisher = {Elsevier},
  year      = {2018},
}

@InProceedings{landis2016birs,
    title  = {The {P}hase-field {M}odeling of {H}ydraulic
    {F}racture},
    author = {Landis, C. and Wilson, Z.},
    booktitle = {workshop: {V}ariational {M}odels of {F}racture},
    year = {2016},
    note = {\url{http://www.birs.ca//workshops//2016/16w5090/files/Banff-Landis.pdf}, visited on 2022-05-05},
}

@Article{biot1941general,
  author    = {Biot, M. A.},
  title     = {General theory of three-dimensional consolidation},
  number    = {2},
  pages     = {155--164},
  volume    = {12},
  journal   = {J. Appl. Phys.},
  publisher = {American Institute of Physics},
  year      = {1941},
}

@Article{jin2022robust,
  author    = {Jin, T. and White, J. A. and Settgast, R. R.},
  title     = {A robust finite element-finite volume strategy for viscosity-dominated hydraulic fracture propagation using asymptotic tip enrichment},
  journal   = {Int. J. Numer. Anal. Methods Geomech.},
  publisher = {Wiley Online Library},
  year      = {2022 },
}

@InProceedings{zheltov19553,
  author       = {Zheltov, A. K.},
  booktitle    = {4th World Petroleum Congress},
  title        = {{Formation of {V}ertical {F}ractures by {M}eans of {H}ighly {V}iscous {L}iquid}},
  organization = {OnePetro},
  year         = {1955},
}

@Article{amor2009regularized,
  author    = {Amor, H. and Marigo, J.-J. and Maurini, C.},
  title     = {Regularized formulation of the variational brittle fracture with unilateral contact: {N}umerical experiments},
  number    = {8},
  pages     = {1209--1229},
  volume    = {57},
  journal   = {J. Mech. Phys. Solids},
  publisher = {Elsevier},
  year      = {2009},
}

@Article{detournay2016mechanics,
  author    = {Detournay, E.},
  title     = {Mechanics of hydraulic fractures},
  pages     = {311--339},
  volume    = {48},
  journal   = {Annu. Rev. Fluid Mech.},
  publisher = {Annual Reviews},
  year      = {2016},
}

@Article{bourdin2008variational,
  author    = {Bourdin, B. and Francfort, G. A. and Marigo, J.-J.},
  title     = {The variational approach to fracture},
  number    = {1},
  pages     = {5--148},
  volume    = {91},
  journal   = {J. Elasticity},
  publisher = {Springer},
  year      = {2008},
}

@Article{heider2021review,
  author    = {Heider, Y.},
  title     = {A review on phase-field modeling of hydraulic fracturing},
  pages     = {107881},
  volume    = {253},
  journal   = {Eng. Fract. Mech.},
  publisher = {Elsevier},
  year      = {2021},
}

@Article{yoshioka2020crack,
  author    = {Yoshioka, K. and Naumov, D. and Kolditz, O.},
  title     = {On crack opening computation in variational phase-field models for fracture},
  pages     = {113210},
  volume    = {369},
  journal   = {Comput. Methods Appl. Mech. Engrg.},
  publisher = {Elsevier},
  year      = {2020},
}

@Article{giovanardi2017hybrid,
  author    = {Giovanardi, B. and Scotti, A. and Formaggia, L.},
  title     = {A hybrid {XFEM}--{P}hase field ({X}field) method for crack propagation in brittle elastic materials},
  pages     = {396--420},
  volume    = {320},
  journal   = {Comput. Methods Appl. Mech. Engrg.},
  publisher = {Elsevier},
  year      = {2017},
}

@Article{cusini2021simulation,
  author    = {Cusini, M. and White, J. A. and Castelletto, N. and Settgast, R. R.},
  title     = {Simulation of coupled multiphase flow and geomechanics in porous media with embedded discrete fractures},
  number    = {5},
  pages     = {563--584},
  volume    = {45},
  journal   = {Int. J. Numer. Anal. Methods Geomech.},
  publisher = {Wiley Online Library},
  year      = {2021},
}

@Article{sun2020hybrid,
  author    = {Sun, Y. and Liu, Z. and Tang, X.},
  title     = {A hybrid {FEMM}-{P}hase field method for fluid-driven fracture propagation in three dimension},
  pages     = {40--54},
  volume    = {113},
  journal   = {Eng. Anal. Bound. Elem.},
  publisher = {Elsevier},
  year      = {2020},
}

@InProceedings{settgast2014simulation,
  author       = {Settgast, R. R. and Johnson, S. M. and Fu, P. and Walsh, S. D. C.},
  booktitle    = {SPE/AAPG/SEG Unconventional Resources Technology Conference},
  title        = {Simulation of hydraulic fracture networks in three dimensions utilizing massively parallel computing resources},
  organization = {OnePetro},
  year         = {2014},
}

@Article{karush1939minima,
  author  = {Karush, W.},
  title   = {Minima of functions of several variables with inequalities as side constraints},
  journal = {M. Sc. Dissertation. Dept. of Mathematics, Univ. of Chicago},
  year    = {1939},
}

@Article{francfort1998revisiting,
  author    = {Francfort, G. A. and Marigo, J.-J.},
  title     = {Revisiting brittle fracture as an energy minimization problem},
  number    = {8},
  pages     = {1319--1342},
  volume    = {46},
  journal   = {J. Mech. Phys. Solids},
  publisher = {Elsevier},
  year      = {1998},
}

@Article{ambrosio1990approximation,
  author    = {Ambrosio, L. and Tortorelli, V. M.},
  title     = {Approximation of functional depending on jumps by elliptic functional via t-convergence},
  number    = {8},
  pages     = {999--1036},
  volume    = {43},
  journal   = {Comm. Pure Appl. Math.},
  publisher = {Wiley Online Library},
  year      = {1990},
}

@Article{muixi2021combined,
  author    = {Muix{\'\i}, A. and Marco, O. and Rodr{\'\i}guez-Ferran, A. and Fern{\'a}ndez-M{\'e}ndez, S.},
  title     = {A combined {XFEM} phase-field computational model for crack growth without remeshing},
  number    = {1},
  pages     = {231--249},
  volume    = {67},
  journal   = {Comput. Mech.},
  publisher = {Springer},
  year      = {2021},
}

@Article{linder2007finite,
  author    = {Linder, C. and Armero, F.},
  title     = {Finite elements with embedded strong discontinuities for the modeling of failure in solids},
  number    = {12},
  pages     = {1391--1433},
  volume    = {72},
  journal   = {Internat. J. Numer. Methods Engrg.},
  publisher = {Wiley Online Library},
  year      = {2007},
}

@Article{boone1990numerical,
  author    = {Boone, T. J. and Ingraffea, A. R.},
  title     = {A numerical procedure for simulation of hydraulically-driven fracture propagation in poroelastic media},
  pages     = {27--47},
  volume    = {14},
  journal   = {Int. J. Numer. Anal. Methods Geomech.},
  publisher = {Wiley Online Library},
  year      = {1990},
}

@Article{zia2020pyfrac,
  author    = {Zia, H. and Lecampion, B.},
  title     = {Py{F}rac: A planar 3{D} hydraulic fracture simulator},
  pages     = {107368},
  volume    = {255},
  journal   = {Comput. Phys. Commun.},
  publisher = {Elsevier},
  year      = {2020},
}

@Article{miehe2015minimization,
  author    = {Miehe, C. and Mauthe, S. and Teichtmeister, S.},
  title     = {Minimization principles for the coupled problem of {D}arcy--{B}iot-type fluid transport in porous media linked to phase field modeling of fracture},
  pages     = {186--217},
  volume    = {82},
  journal   = {J. Mech. Phys. Solids},
  publisher = {Elsevier},
  year      = {2015},
}

@Article{adachi2007computer,
  author    = {Adachi, J. and Siebrits, E. and Peirce, A. and Desroches, J.},
  title     = {Computer simulation of hydraulic fractures},
  number    = {5},
  pages     = {739--757},
  volume    = {44},
  journal   = {Int. J. Rock Mech. Min. Sci.},
  publisher = {Elsevier},
  year      = {2007},
}

@InProceedings{mcclure2017three,
  title={A {T}hree-{D}imensional {R}eservoir, {W}ellbore, and {H}ydraulic {F}racturing Simulator that is {C}ompositional and {T}hermal, {T}racks {P}roppant and {W}ater {S}olute {T}ransport, {I}ncludes {N}on-{D}arcy and {N}on-{N}ewtonian {F}low, and {H}andles {F}racture {C}losure},
  author={McClure, Mark W and Kang, Charles A},
  booktitle={SPE Reservoir Simulation Conference},
  year={2017},
  organization={OnePetro}
}

@Article{hajibeygi2011hierarchical,
  author    = {Hajibeygi, H. and Karvounis, D. and Jenny, P.},
  title     = {A hierarchical fracture model for the iterative multiscale finite volume method},
  number    = {24},
  pages     = {8729--8743},
  volume    = {230},
  journal   = {J. Comput. Phys.},
  publisher = {Elsevier},
  year      = {2011},
}

@Article{geertsma1969rapid,
  author    = {Geertsma, J. and De Klerk, F.},
  title     = {A rapid method of predicting width and extent of hydraulically induced fractures},
  number    = {12},
  pages     = {1571--1581},
  volume    = {21},
  journal   = {J. Petrol. Technol.},
  publisher = {OnePetro},
  year      = {1969},
}

@Article{karma2001phase,
  author    = {Karma, A. and Kessler, D. A. and Levine, H.},
  title     = {Phase-field model of mode {III} dynamic fracture},
  number    = {4},
  pages     = {045501},
  volume    = {87},
  journal   = {Phys. Rev. Lett.},
  publisher = {APS},
  year      = {2001},
}

@Article{wheeler2014augmented,
  author    = {Wheeler, M. F. and Wick, T. and Wollner, W.},
  title     = {An augmented-Lagrangian method for the phase-field approach for pressurized fractures},
  pages     = {69--85},
  volume    = {271},
  journal   = {Comput. Methods Appl. Mech. Engrg.},
  publisher = {Elsevier},
  year      = {2014},
}

@Article{settgast2017fully,
  author    = {Settgast, R. R. and Fu, P. and Walsh, S. D. C. and White, J. A. and Annavarapu, C. and Ryerson, F. J.},
  title     = {A fully coupled method for massively parallel simulation of hydraulically driven fractures in 3-dimensions},
  number    = {5},
  pages     = {627--653},
  volume    = {41},
  journal   = {Int. J. Numer. Anal. Methods Geomech.},
  publisher = {Wiley Online Library},
  year      = {2017},
}

@InProceedings{bourdin2012variational,
  author       = {Bourdin, B. and Chukwudozie, C. P. and Yoshioka, K.},
  booktitle    = {SPE Annual Technical Conference and Exhibition},
  title        = {A variational approach to the numerical simulation of hydraulic fracturing},
  organization = {Society of Petroleum Engineers},
  year         = {2012},
}

@Article{geelen2018optimization,
  author    = {Geelen, R. J. M. and Liu, Y. and Dolbow, J. E. and Rodr{\'\i}guez-Ferran, A.},
  title     = {An optimization-based phase-field method for continuous-discontinuous crack propagation},
  number    = {1},
  pages     = {1--20},
  volume    = {116},
  journal   = {Internat. J. Numer. Methods Engrg.},
  publisher = {Wiley Online Library},
  year      = {2018},
}

@Article{miehe2010phase,
  author    = {Miehe, C. and Hofacker, M. and Welschinger, F.},
  title     = {A phase field model for rate-independent crack propagation: {R}obust algorithmic implementation based on operator splits},
  number    = {45-48},
  pages     = {2765--2778},
  volume    = {199},
  journal   = {Comput. Methods Appl. Mech. Engrg.},
  publisher = {Elsevier},
  year      = {2010},
}

@Article{pham2011gradient,
  author    = {Pham, K. and Amor, H. and Marigo, J.-J. and Maurini, C.},
  title     = {Gradient damage models and their use to approximate brittle fracture},
  number    = {4},
  pages     = {618--652},
  volume    = {20},
  journal   = {Int. J. Damage Mech},
  publisher = {SAGE Publications Sage UK: London, England},
  year      = {2011},
}

@Article{wilson2016phase,
  author    = {Wilson, Z. A. and Landis, C. M.},
  title     = {Phase-field modeling of hydraulic fracture},
  pages     = {264--290},
  volume    = {96},
  journal   = {J. Mech. Phys. Solids},
  publisher = {Elsevier},
  year      = {2016},
}

@Article{chukwudozie2019variational,
  author    = {Chukwudozie, C. P. and Bourdin, B. and Yoshioka, K.},
  title     = {A variational phase-field model for hydraulic fracturing in porous media},
  pages     = {957--982},
  volume    = {347},
  journal   = {Comput. Methods Appl. Mech. Engrg.},
  publisher = {Elsevier},
  year      = {2019},
}

@TechReport{settgast2012simulation,
  author      = {Settgast, R. R. and Johnson, S. M. and Fu, P. and Walsh, S. D. C. and Ryerson, F.},
  institution = {Lawrence Livermore National Lab.(LLNL), Livermore, CA (United States)},
  title       = {Simulation of hydraulic fracture networks in three dimensions},
  year        = {2012},
}

@Article{kopanivcakova2020recursive,
  author    = {Kopani{\v{c}}{\'a}kov{\'a}, A. and Krause, R.},
  title     = {A recursive multilevel trust region method with application to fully monolithic phase-field models of brittle fracture},
  pages     = {112720},
  volume    = {360},
  journal   = {Comput. Methods Appl. Mech. Engrg.},
  publisher = {Elsevier},
  year      = {2020},
}

@Article{brinkman1949calculation,
  author    = {Brinkman, H. C.},
  title     = {A calculation of the viscous force exerted by a flowing fluid on a dense swarm of pArticles},
  number    = {1},
  pages     = {27--34},
  volume    = {1},
  journal   = {Flow Turbul. Combust.},
  publisher = {Springer},
  year      = {1949},
}

@Article{miehe2016phase,
  author    = {Miehe, C. and Mauthe, S.},
  title     = {Phase field modeling of fracture in multi-physics problems. Part III. Crack driving forces in hydro-poro-elasticity and hydraulic fracturing of fluid-saturated porous media},
  pages     = {619--655},
  volume    = {304},
  journal   = {Comput. Methods Appl. Mech. Engrg.},
  publisher = {Elsevier},
  year      = {2016},
}
