@article{costa2022multi,
  title={A multi-resolution approach to hydraulic fracture simulation},
  author={Costa, Andre and Cusini, Matteo and Jin, Tao and Settgast, Randolph and Dolbow, John E},
  journal={International Journal of Fracture},
  volume={237},
  number={1-2},
  pages={165--188},
  year={2022},
  publisher={Springer}
}

@article{costa2023formulations,
  title={On formulations for modeling pressurized cracks within phase-field methods for fracture},
  author={Costa, Andre and Hu, Tianchen and Dolbow, John E},
  journal={Theoretical and Applied Fracture Mechanics},
  volume={127},
  pages={104040},
  year={2023},
  publisher={Elsevier}
}

@article{Oyen:jop2021,
  title={On the failure and fracture of hydrogels for cartilage replacement},
  author={Cook, R.A. and Oyen, M.L.},
  journal={Journal of Physics: Materials},
  volume={4},
  number={2},
  pages={021001},
  year={2021}
}

@article{pham2011gradient,
  author    = {Pham, K. and Amor, H. and Marigo, J.-J. and Maurini, C.},
  title     = {Gradient damage models and their use to approximate brittle fracture},
  number    = {4},
  pages     = {618--652},
  volume    = {20},
  journal   = {Int. J. Damage Mech},
  publisher = {SAGE Publications Sage UK: London, England},
  year      = {2011},
}

@article{li2023blended,
  title={A blended shifted-fracture/phase-field framework for sharp/diffuse crack modeling},
  author={Li, Kangan and Rodr{\'\i}guez-Ferran, Antonio and Scovazzi, Guglielmo},
  journal={International Journal for Numerical Methods in Engineering},
  volume={124},
  number={4},
  pages={998--1030},
  year={2023},
  publisher={Wiley Online Library}
}

@article{zhang2022hybrid,
  title={A hybrid numerical approach for hydraulic fracturing in a naturally fractured formation combining the XFEM and phase-field model},
  author={Zhang, JiaNing and Yu, Hao and Xu, WenLong and Lv, ChengSi and Micheal, Marembo and Shi, Fang and Wu, HengAn},
  journal={Engineering Fracture Mechanics},
  volume={271},
  pages={108621},
  year={2022},
  publisher={Elsevier}
}

@article{burbulla2023modeling,
  title={Modeling fracture propagation in poro-elastic media combining phase-field and discrete fracture models},
  author={Burbulla, Samuel and Formaggia, Luca and Rohde, Christian and Scotti, Anna},
  journal={Computer Methods in Applied Mechanics and Engineering},
  volume={403},
  pages={115699},
  year={2023},
  publisher={Elsevier}
}

@article{chen2020phase,
  title={Phase-field simulation of hydraulic fracturing with a revised fluid model and hybrid solver},
  author={Chen, Bin and Sun, Yanan and Barboza, Beatriz R and Barron, Andrew R and Li, Chenfeng},
  journal={Engineering Fracture Mechanics},
  volume={229},
  pages={106928},
  year={2020},
  publisher={Elsevier}
}

@article{tang2019analysis,
  title={Analysis of stress interference among multiple hydraulic fractures using a fully three-dimensional displacement discontinuity method},
  author={Tang, Huiying and Wang, Shihao and Zhang, Ruihan and Li, Sanbai and Zhang, Liehui and Wu, Yu-Shu},
  journal={Journal of Petroleum Science and Engineering},
  volume={179},
  pages={378--393},
  year={2019},
  publisher={Elsevier}
}

@article{li2023three,
  title={Three-Dimensional Thermoporoelastic Modeling of Hydrofracturing and Fluid Circulation in Hot Dry Rock},
  author={Li, Sanbai and Zhang, Dongxiao},
  journal={Journal of Geophysical Research: Solid Earth},
  volume={128},
  number={2},
  pages={e2022JB025673},
  year={2023},
  publisher={Wiley Online Library}
}

@article{li2021development,
  title={Development of 3-D Curved Fracture Swarms in Shale Rock Driven by Rapid Fluid Pressure Buildup: Insights From Numerical Modeling},
  author={Li, Sanbai and Zhang, Dongxiao},
  journal={Geophysical Research Letters},
  volume={48},
  number={8},
  pages={e2021GL092638},
  year={2021},
  publisher={Wiley Online Library}
}

@article{li2020hydromechanical,
  title={Hydromechanical modeling of nonplanar three-dimensional fracture propagation using an iteratively coupled approach},
  author={Li, Sanbai and Firoozabadi, Abbas and Zhang, Dongxiao},
  journal={Journal of Geophysical Research: Solid Earth},
  volume={125},
  number={8},
  pages={e2020JB020115},
  year={2020},
  publisher={Wiley Online Library}
}

@article{chen2021review,
  title={A review of hydraulic fracturing simulation},
  author={Chen, Bin and Barboza, Beatriz Ramos and Sun, Yanan and Bai, Jie and Thomas, Hywel R and Dutko, Martin and Cottrell, Mark and Li, Chenfeng},
  journal={Archives of Computational Methods in Engineering},
  pages={1--58},
  year={2021},
  publisher={Springer}
}

@misc{kinetix,
  author = {{Schlumberger Ltd}},
  year = {2021},
  title = {Kinetix reservoir-centric stimulationto-production software.},
  note = {Accessed June 10th, 2023.  \url{https://www.slb.com/completions/stimulation/stimulation-optimization/kinetix-reservoir-centric-stimulation-to-production-software}}
}

@misc{kinetixforpetrel,
  author = {{Schlumberger USTC}},
  year = {2020},
  title = {Kinetix for petrel 2020.1.},
  note = {Accessed June 10th, 2023.  \url{https://www.ocean.slb.com/en/plug-ins/plugindetails?ProductId=PMPW-B1}}
}

@misc{itasca,
  author = {{Itasca Consulting Group, Inc}},
  year = {2019},
  title = {Xsite, ver. 3.0. minneapolis: Itasca.},
  note = {Accessed June 10th, 2023.  \url{https://www.itascacg.com/software/XSite}}
}

@article{desroches1994crack,
  title={The crack tip region in hydraulic fracturing},
  author={Desroches, J and Detournay, E and Lenoach, B and Papanastasiou, P and Pearson, John Richard Anthony and Thiercelin, M and Cheng, Ailan},
  journal={Proceedings of the Royal Society of London. Series A: Mathematical and Physical Sciences},
  volume={447},
  number={1929},
  pages={39--48},
  year={1994},
  publisher={The Royal Society London}
}

@article{lenoach1995crack,
  title={The crack tip solution for hydraulic fracturing in a permeable solid},
  author={Lenoach, B},
  journal={Journal of the Mechanics and Physics of Solids},
  volume={43},
  number={7},
  pages={1025--1043},
  year={1995},
  publisher={Elsevier}
}

@article{detournay2002asymptotic,
  title={Asymptotic and intermediate asymptotic behavior near the tip of a fluid-driven fracture propagating in a permeable elastic medium},
  author={Detournay, E and Adachi, JI and Garagash, DI and others},
  journal={Structural Integrity and Fracture},
  pages={9--18},
  year={2002},
  publisher={Swets and Zeitlinger, Lisse}
}

@article{detournay2003near,
  title={The near-tip region of a fluid-driven fracture propagating in a permeable elastic solid},
  author={Detournay, E and Garagash, DI},
  journal={Journal of Fluid Mechanics},
  volume={494},
  pages={1--32},
  year={2003},
  publisher={Cambridge University Press}
}

@article{garagash2000tip,
  title={The tip region of a fluid-driven fracture in an elastic medium},
  author={Garagash, D and Detournay, E},
  journal={J. Appl. Mech.},
  volume={67},
  number={1},
  pages={183--192},
  year={2000}
}

@article{detournay2004propagation,
  title={Propagation regimes of fluid-driven fractures in impermeable rocks},
  author={Detournay, Emmanuel},
  journal={International Journal of Geomechanics},
  volume={4},
  number={1},
  pages={35--45},
  year={2004},
  publisher={American Society of Civil Engineers}
}

@article{adachi2002self,
  title={Self-similar solution of a plane-strain fracture driven by a power-law fluid},
  author={Adachi, JI and Detournay, E},
  journal={International Journal for Numerical and Analytical Methods in Geomechanics},
  volume={26},
  number={6},
  pages={579--604},
  year={2002},
  publisher={Wiley Online Library}
}

@article{carbonell1999comparison,
  title={A comparison between a semi-analytical and a numerical solution of a two-dimensional hydraulic fracture},
  author={Carbonell, R and Desroches, Jean and Detournay, Emmanuel},
  journal={International journal of solids and structures},
  volume={36},
  number={31-32},
  pages={4869--4888},
  year={1999},
  publisher={Elsevier}
}

@article{savitski2002propagation,
  title={Propagation of a penny-shaped fluid-driven fracture in an impermeable rock: asymptotic solutions},
  author={Savitski, AA and Detournay, E},
  journal={International journal of solids and structures},
  volume={39},
  number={26},
  pages={6311--6337},
  year={2002},
  publisher={Elsevier}
}

@article{garagash2005plane,
    author = {Garagash, Dmitry I. and Detournay, Emmanuel},
    title = "{Plane-Strain Propagation of a Fluid-Driven Fracture: Small Toughness Solution}",
    journal = {Journal of Applied Mechanics},
    volume = {72},
    number = {6},
    pages = {916-928},
    year = {2005},
    month = {04},
    issn = {0021-8936},
    doi = {10.1115/1.2047596},
}

@inproceedings{moschovidis_mounds_2000,
	title = {The {Mounds} {Drill}-{Cuttings} {Injection} {Field} {Experiment}: {Final} {Results} and {Conclusions}},
	shorttitle = {The {Mounds} {Drill}-{Cuttings} {Injection} {Field} {Experiment}},
	url = {https://dx.doi.org/10.2118/59115-MS},
	doi = {10.2118/59115-MS},
	language = {en},
	urldate = {2023-06-08},
	publisher = {OnePetro},
	author = {Moschovidis, Zissis and Steiger, Ronald and Peterson, Richard and Warpinski, Norm and Wright, Chris and Chesney, Ed and Hagan, Joe and Abou-Sayed, Ahmed and Keck, Richard and Frankl, Matt and Fleming, Carole and Wolhart, Steve and McDaniel, Buddy and Sinor, Allen and Ottesen, Steinar and Miller, Lynn and Beecher, Reid and Dudley, John and Zinno, Dick and Akhmedov, Oktay},
	booktitle={IADC/SPE Drilling Conference},
  month = feb,
	year = {2000},
}

@inproceedings{desroches_stress_1995,
	title = {Stress testing with the micro-hydraulic fracturing technique: {Focus} on fracture reopening},
	shorttitle = {Stress testing with the micro-hydraulic fracturing technique},
	url = {https://dx.doi.org/},
	language = {en},
	urldate = {2023-06-08},
	publisher = {OnePetro},
	author = {Desroches, J.},
  booktitle={The 35th US Symposium on Rock Mechanics (USRMS)},
	month = jun,
	year = {1995},
}

@inproceedings{board_fluid_1992,
	title = {Fluid injection for rockburst control in deep mining},
	url = {https://dx.doi.org/},
	language = {en},
	urldate = {2023-06-08},
	publisher = {OnePetro},
	author = {Board, Mark and Rorke, Tony and Williams, Gary and Gay, Nick},
  booktitle={The 33rd US Symposium on Rock Mechanics (USRMS)},
	month = jun,
	year = {1992},
}

@article{zhang_propagation_2002,
	title = {Propagation of a penny-shaped hydraulic fracture parallel to the free-surface of an elastic half-space},
	volume = {115},
	issn = {1573-2673},
	url = {https://doi.org/10.1023/A:1016345906315},
	doi = {10.1023/A:1016345906315},
	language = {en},
	number = {2},
	urldate = {2023-06-08},
	journal = {International Journal of Fracture},
	author = {Zhang, Xi and Detournay, Emmanuel and Jeffrey, Rob},
	month = may,
	year = {2002},
	keywords = {Hydraulic fracturing, radial fracture.},
	pages = {125--158},
}

@article{pan2014tough,
  title={TOUGH--RDCA modeling of multiple fracture interactions in caprock during CO2 injection into a deep brine aquifer},
  author={Pan, Peng-Zhi and Rutqvist, Jonny and Feng, Xia-Ting and Yan, Fei},
  journal={Computers \& Geosciences},
  volume={65},
  pages={24--36},
  year={2014},
  publisher={Elsevier}
}

@misc{eia_data_on_gas,
	title = {EIA data on U.S. gas sources},
	url = {https://www.eia.gov/tools/faqs/faq.php?id=847&t=6},
	year = {2022},
  urldate = {2023-06-08},
}

@misc{eia_data_on_oil,
	title = {EIA data on U.S. oil sources},
  url = {https://www.eia.gov/tools/faqs/faq.php?id=907&t=8},
	year = {2022},
  urldate = {2023-06-08},
}

@misc{noauthor_permeability_nodate,
	title = {Permeability and stress in crystalline rocks - {Banks} - 1996 - {Terra} {Nova} - {Wiley} {Online} {Library}},
	url = {https://onlinelibrary.wiley.com/doi/abs/10.1111/j.1365-3121.1996.tb00751.x},
	year = {1996},
  urldate = {2023-06-08},
}

@article{less_hydrofracture_1994,
	title = {Hydrofracture: {State} {Of} {The} {Art} {In} {South} {Africa}},
	volume = {2},
	issn = {1435-0157},
	shorttitle = {Hydrofracture},
	doi = {10.1007/s100400050050},
	language = {English},
	number = {2},
	journal = {Applied Hydrogeology},
	author = {Less, C. and Andersen, N.},
	year = {1994},
	pages = {59--63},
	annote = {Cited By :12},
}

@inproceedings{desroches1993modelling,
  title={Modelling the propagation and closure of micro-hydraulic fractures},
  author={Desroches, J and Thiercelin, M},
  booktitle={International Journal of Rock Mechanics and Mining Sciences \& Geomechanics Abstracts},
  volume={30},
  pages={1231--1234},
  year={1993},
  organization={Elsevier}
}

@article{zulian2021large,
  title={Large scale simulation of pressure induced phase-field fracture propagation using Utopia},
  author={Zulian, Patrick and Kopani{\v{c}}{\'a}kov{\'a}, Alena and Nestola, Maria Giuseppina Chiara and Fink, Andreas and Fadel, Nur Aiman and VandeVondele, Joost and Krause, Rolf},
  journal={CCF transactions on high performance computing},
  volume={3},
  number={4},
  pages={407--426},
  year={2021},
  publisher={Springer}
}

@article{tanne2022loss,
  title={On the loss of symmetry in toughness dominated hydraulic fractures},
  author={Tann{\'e}, Erwan and Bourdin, Blaise and Yoshioka, Keita},
  journal={International Journal of Fracture},
  volume={237},
  number={1-2},
  pages={189--202},
  year={2022},
  publisher={Springer}
}

@misc{raccoon,
author = "Hu, Tianchen",
title = "{RACCOON} - A parallel finite-element code specialized in phase-field for fracture",
url = "https://hugary1995.github.io/raccoon/index.html",
journal = "GitHub",
year = "2020"
}

@article{gaston2009moose,
  title={MOOSE: A parallel computational framework for coupled systems of nonlinear equations},
  author={Gaston, Derek and Newman, Chris and Hansen, Glen and Lebrun-Grandie, Damien},
  journal={Nuclear Engineering and Design},
  volume={239},
  number={10},
  pages={1768--1778},
  year={2009},
  publisher={Elsevier}
}

@article{permann2020moose,
  title={MOOSE: Enabling massively parallel multiphysics simulation},
  author={Permann, Cody J and Gaston, Derek R and Andr{\v{s}}, David and Carlsen, Robert W and Kong, Fande and Lindsay, Alexander D and Miller, Jason M and Peterson, John W and Slaughter, Andrew E and Stogner, Roy H and others},
  journal={SoftwareX},
  volume={11},
  pages={100430},
  year={2020},
  publisher={Elsevier}
}

@article{lindsay20222,
  title={2.0-MOOSE: Enabling massively parallel multiphysics simulation},
  author={Lindsay, Alexander D and Gaston, Derek R and Permann, Cody J and Miller, Jason M and Andr{\v{s}}, David and Slaughter, Andrew E and Kong, Fande and Hansel, Joshua and Carlsen, Robert W and Icenhour, Casey and others},
  journal={SoftwareX},
  volume={20},
  pages={101202},
  year={2022},
  publisher={Elsevier}
}

@article{jiang2020three,
  title={Three-dimensional phase-field modeling of porosity dependent intergranular fracture in {UO2} },
  author={Jiang, Wen and Hu, Tianchen and Aagesen, Larry K and Zhang, Yongfeng},
  journal={Computational Materials Science},
  volume={171},
  pages={109269},
  year={2020},
  publisher={Elsevier}
}

@article{fosdick2003,
    author = {Fosdick, R. and Truskinovsky, L.},
    title = "{About Clapeyron's Theorem in Linear Elasticity}",
    journal = {Journal of Elasticity},
    volume = {72},
    pages = {145-172},
    year = {2003}
}

@article{irwin1957analysis,
    author = {Irwin, G. R.},
    title = "{Analysis of Stresses and Strains Near the End of a Crack Traversing a Plate}",
    journal = {Journal of Applied Mechanics},
    volume = {24},
    number = {3},
    pages = {361-364},
    year = {1957}
}

@article{bunger2005toughness,
  title={Toughness-dominated hydraulic fracture with leak-off},
  author={Bunger, Andrew P and Detournay, Emmanuel and Garagash, Dmitry I},
  journal={International Journal of Fracture},
  volume={134},
  number={2},
  pages={175--190},
  year={2005},
  publisher={Springer}
}

@InProceedings{kuhn1951nonlinear,
  author       = {Kuhn, H. W. and Tucker, A. W.},
  booktitle    = {Proceedings of the {S}econd {B}erkeley {S}ymposium on {M}athematical {S}tatistics and {P}robability},
  title        = {Nonlinear {P}rogramming},
  organization = {University of California Press},
  pages        = {481--492},
  year         = {1951},
}

@article{karush1939minima,
  author  = {Karush, W.},
  title   = {Minima of functions of several variables with inequalities as side constraints},
  journal = {M. Sc. Dissertation. Dept. of Mathematics, Univ. of Chicago},
  year    = {1939},
}

@article{karlsson1978jintegral,
  title={J-integral at loaded crack surfaces},
  author={Karlsson, A. and Backlund, J.},
  journal={International Journal of Fracture},
  volume={14},
  pages={311--318},
  year={1978},
  publisher={Springer}
}

%alternative energy splits
@article{ziaei2023orthogonal,
  title={Orthogonal decomposition of anisotropic constitutive models for the phase field approach to fracture},
  author={Ziaei-Rad, Vahid and Mollaali, Mostafa and Nagel, Thomas and Kolditz, Olaf and Yoshioka, Keita},
  journal={Journal of the Mechanics and Physics of Solids},
  volume={171},
  pages={105143},
  year={2023},
  publisher={Elsevier}
}

@article{wu2020variationally,
  title={A variationally consistent phase-field anisotropic damage model for fracture},
  author={Wu, Jian-Ying and Nguyen, Vinh Phu and Zhou, Hao and Huang, Yuli},
  journal={Computer Methods in Applied Mechanics and Engineering},
  volume={358},
  pages={112629},
  year={2020},
  publisher={Elsevier}
}

%HF
@article{li2015review,
  title={A review on hydraulic fracturing of unconventional reservoir},
  author={Li, Quanshu and Xing, Huilin and Liu, Jianjun and Liu, Xiangchon},
  journal={Petroleum},
  volume={1},
  number={1},
  pages={8--15},
  year={2015},
  publisher={Elsevier}
}

@article{mair2012shale,
  title={Shale gas extraction in the {UK}: a review of hydraulic fracturing},
  author={Mair, R and Bickle, M and Goodman, D and Koppelman, B and Roberts, J and Selley, R and Shipton, Z and Thomas, H and Walker, A and Woods, E and others},
  journal={technical report},
  year={2012},
  publisher={Royal Society and Royal Academy of Engineering}
}
%

%vessels
@article{shinmura1997fluid,
  title={Fluid fracture interaction in pressurized reinforced concrete vessels},
  author={Shinmura, Akira and Saouma, Victor E},
  journal={Materials and Structures},
  volume={30},
  number={2},
  pages={72--80},
  year={1997},
  publisher={Springer}
}
%

%Dams
@article{wang2017experimental,
  title={Experimental study on the influence of hydraulic fracturing on high concrete gravity dams},
  author={Wang, Yang and Jia, Jinsheng},
  journal={Engineering Structures},
  volume={132},
  pages={508--517},
  year={2017},
  publisher={Elsevier}
}
%

%fuel fracture 

@article{turnbull2015assessment,
  title={An assessment of the fuel pulverization threshold during {LOCA}-type temperature transients},
  author={Turnbull, JA and Yagnik, SK and Hirai, M and Staicu, DM and Walker, CT},
  journal={Nuclear Science and Engineering},
  volume={179},
  number={4},
  pages={477--485},
  year={2015},
  publisher={Taylor \& Francis}
}

@article{capps2021critical,
  title={A critical review of high burnup fuel fragmentation, relocation, and dispersal under loss-of-coolant accident conditions},
  author={Capps, Nathan and Jensen, Colby and Cappia, Fabiola and Harp, Jason and Terrani, Kurt and Woolstenhulme, Nicolas and Wachs, Daniel},
  journal={Journal of Nuclear Materials},
  volume={546},
  pages={152750},
  year={2021},
  publisher={Elsevier}
}

%end fueld fracture

@article{ballarini2016closed,
  title={Closed-path J-integral analysis of bridged and phase-field cracks},
  author={Ballarini, Roberto and Royer-Carfagni, Gianni},
  journal={Journal of Applied Mechanics},
  volume={83},
  number={6},
  year={2016},
  publisher={American Society of Mechanical Engineers Digital Collection}
}

@article{hakim2009laws,
  title={Laws of crack motion and phase-field models of fracture},
  author={Hakim, Vincent and Karma, Alain},
  journal={Journal of the Mechanics and Physics of Solids},
  volume={57},
  number={2},
  pages={342--368},
  year={2009},
  publisher={Elsevier}
}

@article{li1985comparison,
  title={A comparison of methods for calculating energy release rates},
  author={Li, Fang Zhong and Shih, C Fong and Needleman, A},
  journal={Engineering Fracture Mechanics},
  volume={21},
  number={2},
  pages={405--421},
  year={1985},
  publisher={Elsevier}
}

@article{shih1986energy,
  title={Energy release rate along a three-dimensional crack front in a thermally stressed body},
  author={Shih, CF and Moran, B and Nakamura, T},
  journal={International Journal of Fracture},
  volume={30},
  number={2},
  pages={79--102},
  year={1986},
  publisher={Springer}
}

@article{rice1968path,
  title={A path independent integral and the approximate analysis of strain concentration by notches and cracks},
  author={Rice, James R},
  journal={Journal of Applied Mechanics},
  volume={35},
  number={2},
  pages={379--386},
  year={1968}
}

@incollection{rice1973some,
  title={Some further results of J-integral analysis and estimates},
  author={Rice, J and Paris, P and Merkle, J},
  booktitle={Progress in flaw growth and fracture toughness testing},
  year={1973},
  publisher={ASTM International}
}

@article{rice1968mathematical,
  title={Mathematical analysis in the mechanics of fracture},
  author={Rice, James R and others},
  journal={Fracture: an advanced treatise},
  volume={2},
  pages={191--311},
  year={1968}
}

@book{bazant2019fracture,
  title={Fracture and size effect in concrete and other quasibrittle materials},
  author={Bazant, Zdenek P and Planas, Jaime},
  year={2019},
  publisher={Routledge}
}

@phdthesis{tanne2017variational,
  title={Variational phase-field models from brittle to ductile fracture: nucleation and propagation},
  author={Tanne, Erwan},
  year={2017},
  school={Universit{\'e} Paris-Saclay (ComUE)}
}

@article{de2021nucleation,
  title={Nucleation under multi-axial loading in variational phase-field models of brittle fracture},
  author={De Lorenzis, Laura and Maurini, Corrado},
  journal={International Journal of Fracture},
  pages={1--21},
  year={2021},
  publisher={Springer}
}

@article{navidtehrani2022general,
  title={A general framework for decomposing the phase field fracture driving force, particularised to a Drucker--Prager failure surface},
  author={Navidtehrani, Yousef and Beteg{\'o}n, Covadonga and Mart{\'\i}nez-Pa{\~n}eda, Emilio},
  journal={Theoretical and Applied Fracture Mechanics},
  volume={121},
  pages={103555},
  year={2022},
  publisher={Elsevier}
}

@article{jiang2022phase,
  title={A phase-field model of quasi-brittle fracture for pressurized cracks: Application to {UO2} high-burnup microstructure fragmentation},
  author={Jiang, Wen and Hu, Tianchen and Aagesen, Larry K and Biswas, Sudipta and Gamble, Kyle A},
  journal={Theoretical and Applied Fracture Mechanics},
  volume={119},
  pages={103348},
  year={2022},
  publisher={Elsevier}
}

@article{hubbert1957mechanics,
  title={Mechanics of hydraulic fracturing},
  author={Hubbert, M King and Willis, David G},
  journal={Transactions of the AIME},
  volume={210},
  number={01},
  pages={153--168},
  year={1957},
  publisher={OnePetro}
}

@article{stoeckhert2015fracture,
  title={Fracture propagation in sandstone and slate--Laboratory experiments, acoustic emissions and fracture mechanics},
  author={Stoeckhert, Ferdinand and Molenda, Michael and Brenne, Sebastian and Alber, Michael},
  journal={Journal of Rock Mechanics and Geotechnical Engineering},
  volume={7},
  number={3},
  pages={237--249},
  year={2015},
  publisher={Elsevier}
}

article{jiang2022phase,
  title={A phase-field model of quasi-brittle fracture for pressurized cracks: Application to {UO2} high-burnup microstructure fragmentation},
  author={Jiang, Wen and Hu, Tianchen and Aagesen, Larry K and Biswas, Sudipta and Gamble, Kyle A},
  journal={Theoretical and Applied Fracture Mechanics},
  volume={119},
  pages={103348},
  year={2022},
  publisher={Elsevier}
}

%Review papers

@article{francfort2021variational,
  title={Variational fracture: twenty years after},
  author={Francfort, GA},
  journal={International Journal of Fracture},
  pages={1--11},
  year={2021},
  publisher={Springer}
}

@incollection{wu2020phase,
  title={Phase-field modeling of fracture},
  author={Wu, Jian-Ying and Nguyen, Vinh Phu and Nguyen, Chi Thanh and Sutula, Danas and Sinaie, Sina and Bordas, St{\'e}phane PA},
  booktitle={Advances in Applied Mechanics},
  volume={53},
  pages={1--183},
  year={2020},
  publisher={Elsevier}
}
@article{li2022hydro,
  title={A hydro-mechanical-damage fully coupled cohesive phase field model for complicated fracking simulations in poroelastic media},
  author={Li, Hui and Lei, Hongwu and Yang, Zhenjun and Wu, Jianying and Zhang, Xiaoxian and Li, Shouding},
  journal={Computer Methods in Applied Mechanics and Engineering},
  volume={399},
  pages={115451},
  year={2022},
  publisher={Elsevier}
}

%Biomaterials fracture

@article{raina2016phase,
  title={A phase-field model for fracture in biological tissues},
  author={Raina, Arun and Miehe, Christian},
  journal={Biomechanics and modeling in mechanobiology},
  volume={15},
  number={3},
  pages={479--496},
  year={2016},
  publisher={Springer}
}

@article{nagaraja2021phase,
  title={On a phase-field approach to model fracture of small intestine walls},
  author={Nagaraja, Sindhu and Leichsenring, Kay and Ambati, Marreddy and De Lorenzis, Laura and B{\"o}l, Markus},
  journal={Acta Biomaterialia},
  volume={130},
  pages={317--331},
  year={2021},
  publisher={Elsevier}
}

@article{gultekin2018numerical,
  title={Numerical aspects of anisotropic failure in soft biological tissues favor energy-based criteria: A rate-dependent anisotropic crack phase-field model},
  author={G{\"u}ltekin, Osman and Dal, H{\"u}sn{\"u} and Holzapfel, Gerhard A},
  journal={Computer Methods in Applied Mechanics and Engineering},
  volume={331},
  pages={23--52},
  year={2018},
  publisher={Elsevier}
}

@article{gultekin2016phase,
  title={A phase-field approach to model fracture of arterial walls: theory and finite element analysis},
  author={G{\"u}ltekin, Osman and Dal, H{\"u}sn{\"u} and Holzapfel, Gerhard A},
  journal={Computer Methods in Applied Mechanics and Engineering},
  volume={312},
  pages={542--566},
  year={2016},
  publisher={Elsevier}
}


@article{wu2020fracture,
  title={Fracture modeling of brittle biomaterials by the phase-field method},
  author={Wu, Chi and Fang, Jianguang and Zhang, Zhongpu and Entezari, Ali and Sun, Guangyong and Swain, Michael V and Li, Qing},
  journal={Engineering Fracture Mechanics},
  volume={224},
  pages={106752},
  year={2020},
  publisher={Elsevier}
}

%Dynamic fractures

@article{bourdin2011time,
  title={A time-discrete model for dynamic fracture based on crack regularization},
  author={Bourdin, Blaise and Larsen, Christopher J and Richardson, Casey L},
  journal={International Journal of Fracture},
  volume={168},
  number={2},
  pages={133--143},
  year={2011},
  publisher={Springer}
}

@article{hofacker2013phase,
  title={A phase field model of dynamic fracture: Robust field updates for the analysis of complex crack patterns},
  author={Hofacker, M and Miehe, C30082661352},
  journal={International Journal for Numerical Methods in Engineering},
  volume={93},
  number={3},
  pages={276--301},
  year={2013},
  publisher={Wiley Online Library}
}

@article{schluter2014phase,
  title={Phase field approximation of dynamic brittle fracture},
  author={Schl{\"u}ter, Alexander and Willenb{\"u}cher, Adrian and Kuhn, Charlotte and M{\"u}ller, Ralf},
  journal={Computational Mechanics},
  volume={54},
  number={5},
  pages={1141--1161},
  year={2014},
  publisher={Springer}
}

@article{li2016gradient,
  title={Gradient damage modeling of brittle fracture in an explicit dynamics context},
  author={Li, Tianyi and Marigo, Jean-Jacques and Guilbaud, Daniel and Potapov, Serguei},
  journal={International Journal for Numerical Methods in Engineering},
  volume={108},
  number={11},
  pages={1381--1405},
  year={2016},
  publisher={Wiley Online Library}
}

@article{kamensky2018hyperbolic,
  title={Hyperbolic phase field modeling of brittle fracture: Part I—theory and simulations},
  author={Kamensky, David and Moutsanidis, Georgios and Bazilevs, Yuri},
  journal={Journal of the Mechanics and Physics of Solids},
  volume={121},
  pages={81--98},
  year={2018},
  publisher={Elsevier}
}

@article{moutsanidis2018hyperbolic,
  title={Hyperbolic phase field modeling of brittle fracture: Part II—immersed IGA--RKPM coupling for air-blast--structure interaction},
  author={Moutsanidis, Georgios and Kamensky, David and Chen, JS and Bazilevs, Yuri},
  journal={Journal of the Mechanics and Physics of Solids},
  volume={121},
  pages={114--132},
  year={2018},
  publisher={Elsevier}
}

%Drying induced fracture

@article{cajuhi2018phase,
  title={Phase-field modeling of fracture in variably saturated porous media},
  author={Cajuhi, Tuanny and Sanavia, Lorenzo and De Lorenzis, Laura},
  journal={Computational Mechanics},
  volume={61},
  number={3},
  pages={299--318},
  year={2018},
  publisher={Springer}
}

@article{hu2020phase,
  title={A phase-field model of fracture with frictionless contact and random fracture properties: Application to thin-film fracture and soil desiccation},
  author={Hu, Tianchen and Guilleminot, Johann and Dolbow, John E},
  journal={Computer Methods in Applied Mechanics and Engineering},
  volume={368},
  pages={113106},
  year={2020},
  publisher={Elsevier}
}

@article{maurini2013crack,
  title={Crack patterns obtained by unidirectional drying of a colloidal suspension in a capillary tube: experiments and numerical simulations using a two-dimensional variational approach},
  author={Maurini, Corrado and Bourdin, B and Gauthier, G and Lazarus, Veronique},
  journal={International Journal of Fracture},
  volume={184},
  number={1-2},
  pages={75--91},
  year={2013}
}

%Plasticity papers
@article{alessi2014gradient,
  title={Gradient damage models coupled with plasticity and nucleation of cohesive cracks},
  author={Alessi, Roberto and Marigo, Jean-Jacques and Vidoli, Stefano},
  journal={Archive for Rational Mechanics and Analysis},
  volume={214},
  number={2},
  pages={575--615},
  year={2014},
  publisher={Springer}
}

@article{ambati2015phase,
  title={Phase-field modeling of ductile fracture},
  author={Ambati, Marreddy and Gerasimov, Tymofiy and De Lorenzis, Laura},
  journal={Computational Mechanics},
  volume={55},
  number={5},
  pages={1017--1040},
  year={2015},
  publisher={Springer}
}

@article{borden2016phase,
  title={A phase-field formulation for fracture in ductile materials: Finite deformation balance law derivation, plastic degradation, and stress triaxiality effects},
  author={Borden, Michael J and Hughes, Thomas JR and Landis, Chad M and Anvari, Amin and Lee, Isaac J},
  journal={Computer Methods in Applied Mechanics and Engineering},
  volume={312},
  pages={130--166},
  year={2016},
  publisher={Elsevier}
}

@article{sicsic2013gradient,
  title={From gradient damage laws to Griffith’s theory of crack propagation},
  author={Sicsic, Paul and Marigo, Jean-Jacques},
  journal={Journal of Elasticity},
  volume={113},
  number={1},
  pages={55--74},
  year={2013},
  publisher={Springer}
}


@article{hu2021variationalpaper,
  title={A variational phase-field model For ductile fracture with coalescence dissipation},
  author={Hu, Tianchen and Talamini, Brandon and Stershic, Andrew J and Tupek, Michael R and Dolbow, John E},
  journal={Computational Mechanics},
  volume={68},
  number={2},
  pages={311--335},
  year={2021},
  publisher={Springer}
}

@phdthesis{hu2021variationalthesis,
  title={A Variational Framework for Phase-Field Fracture Modeling with Applications to Fragmentation, Desiccation, Ductile Failure, and Spallation},
  author={Hu, Tianchen},
  year={2021},
  school={Duke University}
}
%%%%%%%%%%%%%%%%%%%
@article{amor2009regularized,
  title={Regularized formulation of the variational brittle fracture with unilateral contact: Numerical experiments},
  author={Amor, Hanen and Marigo, Jean-Jacques and Maurini, Corrado},
  journal={Journal of the Mechanics and Physics of Solids},
  volume={57},
  number={8},
  pages={1209--1229},
  year={2009},
  publisher={Elsevier}
}

@incollection{barenblatt1962mathematical,
  title={The mathematical theory of equilibrium cracks in brittle fracture},
  author={Barenblatt, Grigory Isaakovich},
  booktitle={Advances in Applied Mechanics},
  volume={7},
  pages={55--129},
  year={1962},
  publisher={Elsevier}
}

@article{dugdale1960yielding,
  title={Yielding of steel sheets containing slits},
  author={Dugdale, Donald S},
  journal={Journal of the Mechanics and Physics of Solids},
  volume={8},
  number={2},
  pages={100--104},
  year={1960},
  publisher={Elsevier}
}

@article{tanne2018crack,
  title={Crack nucleation in variational phase-field models of brittle fracture},
  author={Tann{\'e}, Erwan and Li, Tianyi and Bourdin, Blaise and Marigo, J-J and Maurini, Corrado},
  journal={Journal of the Mechanics and Physics of Solids},
  volume={110},
  pages={80--99},
  year={2018},
  publisher={Elsevier}
}

@article{lorentz2011convergence,
  title={Convergence of a gradient damage model toward a cohesive zone model},
  author={Lorentz, Eric and Cuvilliez, Sam and Kazymyrenko, Kyrylo},
  journal={Comptes Rendus M{\'e}canique},
  volume={339},
  number={1},
  pages={20--26},
  year={2011},
  publisher={Elsevier}
}

@article{lorentz2011gradient,
  title={Gradient damage models: Toward full-scale computations},
  author={Lorentz, Eric and Godard, V},
  journal={Computer Methods in Applied Mechanics and Engineering},
  volume={200},
  number={21-22},
  pages={1927--1944},
  year={2011},
  publisher={Elsevier}
}

@article{legarth2005hydraulic,
  title={Hydraulic fracturing in a sedimentary geothermal reservoir: Results and implications},
  author={Legarth, B and Huenges, Ernst and Zimmermann, G{\"u}nter},
  journal={International Journal of Rock Mechanics and Mining Sciences},
  volume={42},
  number={7-8},
  pages={1028--1041},
  year={2005},
  publisher={Elsevier}
}

@article{papanastasiou2016risk,
  title={On the risk of hydraulic fracturing in CO2 geological storage},
  author={Papanastasiou, Panos and Papamichos, Euripides and Atkinson, Colin},
  journal={International Journal for Numerical and Analytical Methods in Geomechanics},
  volume={40},
  number={10},
  pages={1472--1484},
  year={2016},
  publisher={Wiley Online Library}
}


@article{bourdin2000numerical,
  title={Numerical experiments in revisited brittle fracture},
  author={Bourdin, Blaise and Francfort, Gilles A and Marigo, Jean-Jacques},
  journal={Journal of the Mechanics and Physics of Solids},
  volume={48},
  number={4},
  pages={797--826},
  year={2000},
  publisher={Elsevier}
}

@article{miehe2010phase,
  title={A phase field model for rate-independent crack propagation: Robust algorithmic implementation based on operator splits},
  author={Miehe, Christian and Hofacker, Martina and Welschinger, Fabian},
  journal={Computer Methods in Applied Mechanics and Engineering},
  volume={199},
  number={45-48},
  pages={2765--2778},
  year={2010},
  publisher={Elsevier}
}

@article{ambrosio1990approximation,
  title={Approximation of functional depending on jumps by elliptic functional via t-convergence},
  author={Ambrosio, Luigi and Tortorelli, Vincenzo Maria},
  journal={Communications on Pure and Applied Mathematics},
  volume={43},
  number={8},
  pages={999--1036},
  year={1990},
  publisher={Wiley Online Library}
}

@inproceedings{sneddon2013crack,
  title={Crack Problems in the Theory of Elasticity},
  author={Sneddon, IN},
  booktitle={Developments in Theoretical and Applied Mechanics: Proceedings of the Third Southeastern Conference on Theoretical and Applied Mechanics},
  pages={73},
  year={2013},
  organization={Elsevier}
}

@article{borden2012phase,
  title={A phase-field description of dynamic brittle fracture},
  author={Borden, Michael J and Verhoosel, Clemens V and Scott, Michael A and Hughes, Thomas JR and Landis, Chad M},
  journal={Computer Methods in Applied Mechanics and Engineering},
  volume={217},
  pages={77--95},
  year={2012},
  publisher={Elsevier}
}

@article{francfort1998revisiting,
  title={Revisiting brittle fracture as an energy minimization problem},
  author={Francfort, Gilles A and Marigo, J-J},
  journal={Journal of the Mechanics and Physics of Solids},
  volume={46},
  number={8},
  pages={1319--1342},
  year={1998},
  publisher={Elsevier}
}

@article{karma2001phase,
  title={Phase-field model of mode III dynamic fracture},
  author={Karma, Alain and Kessler, David A and Levine, Herbert},
  journal={Physical Review Letters},
  volume={87},
  number={4},
  pages={045501},
  year={2001},
  publisher={APS}
}

@article{peco2017influence,
  title={Influence of surface tension in the surfactant-driven fracture of closely-packed particulate monolayers},
  author={Peco, Christian and Chen, Wei and Liu, Yingjie and Bandi, MM and Dolbow, John E and Fried, Eliot},
  journal={Soft Matter},
  volume={13},
  number={35},
  pages={5832--5841},
  year={2017},
  publisher={Royal Society of Chemistry}
}

@article{wu2017unified,
  title={A unified phase-field theory for the mechanics of damage and quasi-brittle failure},
  author={Wu, Jian-Ying},
  journal={Journal of the Mechanics and Physics of Solids},
  volume={103},
  pages={72--99},
  year={2017},
  publisher={Elsevier}
}

@article{geelen2019phase,
  title={A phase-field formulation for dynamic cohesive fracture},
  author={Geelen, Rudy JM and Liu, Yingjie and Hu, Tianchen and Tupek, Michael R and Dolbow, John E},
  journal={Computer Methods in Applied Mechanics and Engineering},
  volume={348},
  pages={680--711},
  year={2019},
  publisher={Elsevier}
}

@article{hu2020frictionless,
  title={A phase-field model of fracture with frictionless contact and random fracture properties: Application to thin-film fracture and soil desiccation},
  author={Tianchen, Hu and Guilleminot, Johann and Dolbow, John},
  journal={Computer Methods in Applied Mechanics and Engineering},
  volume={368},
  year={2020},
  publisher={Elsevier}
}

@article{singh2018finite,
  title={Finite element simulation of pressure-loaded phase-field fractures},
  author={Singh, N and Verhoosel, CV and van Brummelen, EH},
  journal={Meccanica},
  volume={53},
  number={6},
  pages={1513--1545},
  year={2018},
  publisher={Springer}
}

@article{engwer2017phase,
  title={A phase field approach to pressurized fractures using discontinuous Galerkin methods},
  author={Engwer, Christian and Schumacher, Liesel},
  journal={Mathematics and Computers in Simulation},
  volume={137},
  pages={266--285},
  year={2017},
  publisher={Elsevier}
}

@article{giacomini2005ambrosio,
  title={Ambrosio-Tortorelli approximation of quasi-static evolution of brittle fractures},
  author={Giacomini, Alessandro},
  journal={Calculus of Variations and Partial Differential Equations},
  volume={22},
  number={2},
  pages={129--172},
  year={2005},
  publisher={Springer}
}

@article{chambolle2004approximation,
  title={An approximation result for special functions with bounded deformation},
  author={Chambolle, Antonin},
  journal={Journal de Math{\'e}matiques Pures et Appliqu{\'e}es},
  volume={83},
  number={7},
  pages={929--954},
  year={2004},
  publisher={Elsevier}
}

%Interesting math paper
@article{almi2014quasi,
  title={Quasi-static crack growth in hydraulic fracture},
  author={Almi, Stefano and Dal Maso, Gianni and Toader, Rodica},
  journal={Nonlinear Analysis: Theory, Methods \& Applications},
  volume={109},
  pages={301--318},
  year={2014},
  publisher={Elsevier}
}

%Bourdin and Friend
@inproceedings{bourdin2012variational,
  title={A variational approach to the numerical simulation of hydraulic fracturing},
  author={Bourdin, Blaise and Chukwudozie, Chukwudi P and Yoshioka, Keita and others},
  booktitle={SPE Annual Technical Conference and Exhibition},
  year={2012},
  organization={Society of Petroleum Engineers}
}

@article{chukwudozie2019variational,
  title={A variational phase-field model for hydraulic fracturing in porous media},
  author={Chukwudozie, Chukwudi and Bourdin, Blaise and Yoshioka, Keita},
  journal={Computer Methods in Applied Mechanics and Engineering},
  volume={347},
  pages={957--982},
  year={2019},
  publisher={Elsevier}
}

@article{yoshioka2020crack,
  title={On crack opening computation in variational phase-field models for fracture},
  author={Yoshioka, Keita and Naumov, Dmitri and Kolditz, Olaf},
  journal={Computer Methods in Applied Mechanics and Engineering},
  volume={369},
  pages={113210},
  year={2020},
  publisher={Elsevier}
}

@article{yoshioka2019comparative,
  title={Comparative verification of discrete and smeared numerical approaches for the simulation of hydraulic fracturing},
  author={Yoshioka, Keita and Parisio, Francesco and Naumov, Dmitri and Lu, Renchao and Kolditz, Olaf and Nagel, Thomas},
  journal={GEM-International Journal on Geomathematics},
  volume={10},
  number={1},
  pages={13},
  year={2019},
  publisher={Springer}
}

@inproceedings{chukwudozie2013variational,
  title={A variational approach to the modeling and numerical simulation of hydraulic fracturing under in-situ stresses},
  author={Chukwudozie, Chukwudi and Bourdin, Blaise and Yoshioka, Keita},
  booktitle={Proceedings of the 38th Workshop on Geothermal Reservoir Engineering},
  year={2013},
  organization={Stanford Geothermal Program Stanford, Calif}
}


@article{xia2017phase,
  title={Phase field modeling of hydraulic fracturing with interfacial damage in highly heterogeneous fluid-saturated porous media},
  author={Xia, Liang and Yvonnet, Julien and Ghabezloo, Siavash},
  journal={Engineering Fracture Mechanics},
  volume={186},
  pages={158--180},
  year={2017},
  publisher={Elsevier}
}


%MIEHE PAPERS

@article{miehe2016phase,
  title={Phase field modeling of fracture in multi-physics problems. Part III. Crack driving forces in hydro-poro-elasticity and hydraulic fracturing of fluid-saturated porous media},
  author={Miehe, Christian and Mauthe, Steffen},
  journal={Computer Methods in Applied Mechanics and Engineering},
  volume={304},
  pages={619--655},
  year={2016},
  publisher={Elsevier}
}

@article{miehe2015minimization,
  title={Minimization principles for the coupled problem of Darcy--Biot-type fluid transport in porous media linked to phase field modeling of fracture},
  author={Miehe, Christian and Mauthe, Steffen and Teichtmeister, Stephan},
  journal={Journal of the Mechanics and Physics of Solids},
  volume={82},
  pages={186--217},
  year={2015},
  publisher={Elsevier}
}

@article{mauthe2017hydraulic,
  title={Hydraulic fracture in poro-hydro-elastic media},
  author={Mauthe, Steffen and Miehe, Christian},
  journal={Mechanics Research Communications},
  volume={80},
  pages={69--83},
  year={2017},
  publisher={Elsevier}
}

@article{teichtmeister2019aspects,
  title={Aspects of finite element formulations for the coupled problem of poroelasticity based on a canonical minimization principle},
  author={Teichtmeister, S and Mauthe, S and Miehe, C},
  journal={Computational Mechanics},
  volume={64},
  number={3},
  pages={685--716},
  year={2019},
  publisher={Springer}
}

@article{mauthe2015phase,
  title={Phase-Field Modeling of Hydraulic Fracture},
  author={Mauthe, Steffen and Miehe, Christian},
  journal={Proceedings in Applied Mathematics and Mechanics},
  volume={15},
  number={1},
  pages={141--142},
  year={2015},
  publisher={Wiley Online Library}
}

@article{kienle2016poiseuille,
  title={Poiseuille-Type Fluid Transport in Poro-Elastic Solids at Fracture},
  author={Kienle, Daniel and Mauthe, Steffen and Miehe, Christian},
  journal={Proceedings in Applied Mathematics and Mechanics},
  volume={16},
  number={1},
  pages={149--150},
  year={2016},
  publisher={Wiley Online Library}
}

%JUANES PAPER

@article{santillan2018phase,
  title={Phase field model of hydraulic fracturing in poroelastic media: Fracture propagation, arrest, and branching under fluid injection and extraction},
  author={Santill{\'a}n, David and Juanes, Ruben and Cueto-Felgueroso, Luis},
  journal={Journal of Geophysical Research: Solid Earth},
  volume={123},
  number={3},
  pages={2127--2155},
  year={2018},
  publisher={Wiley Online Library}
}

%CHAD LANDIS PAPER

@article{wilson2016phase,
  title={Phase-field modeling of hydraulic fracture},
  author={Wilson, Zachary A and Landis, Chad M},
  journal={Journal of the Mechanics and Physics of Solids},
  volume={96},
  pages={264--290},
  year={2016},
  publisher={Elsevier}
}

@inproceedings{alotaibi2020phase,
  title={Phase-field modeling of hydraulic fracture propagation in mechanically heterogeneous formations},
  author={Alotaibi, Talal E and Landis, Chad M and AlTammar, Murtadha J},
  booktitle={International Petroleum Technology Conference},
  year={2020},
  organization={OnePetro}
}

%WEISMANN PAPER - TO READ

@article{yi2020consistent,
  title={A consistent phase field model for hydraulic fracture propagation in poroelastic media},
  author={Yi, Liang-Ping and Waisman, Haim and Yang, Zhao-Zhong and Li, Xiao-Gang},
  journal={Computer Methods in Applied Mechanics and Engineering},
  volume={372},
  pages={113396},
  year={2020},
  publisher={Elsevier}
}

%WHEELER, WICK, MIKELIC

@article{wheeler2014augmented,
  title={An augmented-Lagrangian method for the phase-field approach for pressurized fractures},
  author={Wheeler, Mary F and Wick, Thomas and Wollner, W},
  journal={Computer Methods in Applied Mechanics and Engineering},
  volume={271},
  pages={69--85},
  year={2014},
  publisher={Elsevier}
}

@article{mikelic2015phase1,
  title={Phase-field modeling of a fluid-driven fracture in a poroelastic medium},
  author={Mikeli{\'c}, A and Wheeler, Mary F and Wick, Thomas},
  journal={Computational Geosciences},
  volume={19},
  number={6},
  pages={1171--1195},
  year={2015},
  publisher={Springer}
}

@article{mikelic2015phase2,
  title={A phase-field method for propagating fluid-filled fractures coupled to a surrounding porous medium},
  author={Mikelic, Andro and Wheeler, Mary F and Wick, Thomas},
  journal={Multiscale Modeling \& Simulation},
  volume={13},
  number={1},
  pages={367--398},
  year={2015},
  publisher={SIAM}
}

@article{lee2016pressure,
  title={Pressure and fluid-driven fracture propagation in porous media using an adaptive finite element phase field model},
  author={Lee, Sanghyun and Wheeler, Mary F and Wick, Thomas},
  journal={Computer Methods in Applied Mechanics and Engineering},
  volume={305},
  pages={111--132},
  year={2016},
  publisher={Elsevier}
}

@article{mikelic2015quasi,
  title={A quasi-static phase-field approach to pressurized fractures},
  author={Mikeli{\'c}, Andro and Wheeler, Mary F and Wick, Thomas},
  journal={Nonlinearity},
  volume={28},
  number={5},
  pages={1371},
  year={2015},
  publisher={IOP Publishing}
}

@article{lee2018phase,
  title={Phase-field modeling of two phase fluid filled fractures in a poroelastic medium},
  author={Lee, Sanghyun and Mikelic, Andro and Wheeler, Mary F and Wick, Thomas},
  journal={Multiscale Modeling \& Simulation},
  volume={16},
  number={4},
  pages={1542--1580},
  year={2018},
  publisher={SIAM}
}

%Primal-Dual Optimization
@article{heister2015primal,
  title={A primal-dual active set method and predictor-corrector mesh adaptivity for computing fracture propagation using a phase-field approach},
  author={Heister, Timo and Wheeler, Mary F and Wick, Thomas},
  journal={Computer Methods in Applied Mechanics and Engineering},
  volume={290},
  pages={466--495},
  year={2015},
  publisher={Elsevier}
}

%Global Local
@article{aldakheel2021global,
  title={A global--local approach for hydraulic phase-field fracture in poroelastic media},
  author={Aldakheel, Fadi and Noii, Nima and Wick, Thomas and Wriggers, Peter},
  journal={Computers \& Mathematics with Applications},
  volume={91},
  pages={99--121},
  year={2021},
  publisher={Elsevier}
}

%HEIDER MARKERT

@article{heider2017phase,
  title={A phase-field modeling approach of hydraulic fracture in saturated porous media},
  author={Heider, Y and Markert, B},
  journal={Mechanics Research Communications},
  volume={80},
  pages={38--46},
  year={2017},
  publisher={Elsevier}
}

%WaiChing Sun
@article{choo2018cracking,
  title={Cracking and damage from crystallization in pores: Coupled chemo-hydro-mechanics and phase-field modeling},
  author={Choo, Jinhyun and Sun, WaiChing},
  journal={Computer Methods in Applied Mechanics and Engineering},
  volume={335},
  pages={347--379},
  year={2018},
  publisher={Elsevier}
}

@article{heider2020phase,
  title={A phase field framework for capillary-induced fracture in unsaturated porous media: Drying-induced vs. hydraulic cracking},
  author={Heider, Yousef and Sun, WaiChing},
  journal={Computer Methods in Applied Mechanics and Engineering},
  volume={359},
  pages={112647},
  year={2020},
  publisher={Elsevier}
}

@article{suh2021immersed,
  title={An immersed phase field fracture model for microporomechanics with Darcy--Stokes flow},
  author={Suh, Hyoung Suk and Sun, WaiChing},
  journal={Physics of Fluids},
  volume={33},
  number={1},
  pages={016603},
  year={2021},
  publisher={AIP Publishing LLC}
}

%Ni and Huang
@article{ni2020phase,
  title={Phase-field modeling of hydraulic fracture network propagation in poroelastic rocks},
  author={Ni, Lin and Zhang, Xue and Zou, Liangchao and Huang, Jinsong},
  journal={Computational Geosciences: Modeling, Simulation and Data Analysis},
  year={2020},
  publisher={Springer Nature}
}

%Review Papers
@article{heider2021review,
  title={A review on phase-field modeling of hydraulic fracturing},
  author={Heider, Yousef},
  journal={Engineering Fracture Mechanics},
  volume={253},
  pages={107881},
  year={2021},
  publisher={Elsevier}
}

@article{hassebroek1964advancements,
  title={Advancements through 15 years of fracturing},
  author={Hassebroek, WE and Waters, AB},
  journal={Journal of Petroleum Technology},
  volume={16},
  number={07},
  pages={760--764},
  year={1964},
  publisher={OnePetro}
}

@article{adachi2007computer,
  title={Computer simulation of hydraulic fractures},
  author={Adachi, J and Siebrits, E and Peirce, A and Desroches, J},
  journal={International Journal of Rock Mechanics and Mining Sciences},
  volume={44},
  number={5},
  pages={739--757},
  year={2007},
  publisher={Elsevier}
}

@article{lecampion2018numerical,
  title={Numerical methods for hydraulic fracture propagation: a review of recent trends},
  author={Lecampion, Brice and Bunger, Andrew and Zhang, Xi},
  journal={Journal of Natural Gas Science and Engineering},
  volume={49},
  pages={66--83},
  year={2018},
  publisher={Elsevier}
}

@article{detournay2016mechanics,
  title={Mechanics of hydraulic fractures},
  author={Detournay, Emmanuel},
  journal={Annual Review of Fluid Mechanics},
  volume={48},
  pages={311--339},
  year={2016},
  publisher={Annual Reviews}
}

@book{smith2015hydraulic,
  title={Hydraulic Fracturing},
  author={Smith, Michael Berry and Montgomery, Carl},
  year={2015},
  publisher={Crc Press}
}

@book{economides1989reservoir,
  title={Reservoir Stimulation},
  author={Economides, Michael J and Nolte, Kenneth G and others},
  volume={2},
  year={1989},
  publisher={Prentice Hall Englewood Cliffs, NJ}
}

%Livermore Papers + Assumed Enhanced Strain
@article{cusini2021simulation,
  title={Simulation of coupled multiphase flow and geomechanics in porous media with embedded discrete fractures},
  author={Cusini, Matteo and White, Joshua A and Castelletto, Nicola and Settgast, Randolph R},
  journal={International Journal for Numerical and Analytical Methods in Geomechanics},
  volume={45},
  number={5},
  pages={563--584},
  year={2021},
  publisher={Wiley Online Library}
}

@article{settgast2017fully,
  title={A fully coupled method for massively parallel simulation of hydraulically driven fractures in 3-dimensions},
  author={Settgast, Randolph R and Fu, Pengcheng and Walsh, Stuart DC and White, Joshua A and Annavarapu, Chandrasekhar and Ryerson, Frederick J},
  journal={International Journal for Numerical and Analytical Methods in Geomechanics},
  volume={41},
  number={5},
  pages={627--653},
  year={2017},
  publisher={Wiley Online Library}
}

@article{borja2008assumed,
  title={Assumed enhanced strain and the extended finite element methods: A unification of concepts},
  author={Borja, Ronaldo I},
  journal={Computer Methods in Applied Mechanics and Engineering},
  volume={197},
  number={33-40},
  pages={2789--2803},
  year={2008},
  publisher={Elsevier}
}

@article{linder2007finite,
  title={Finite elements with embedded strong discontinuities for the modeling of failure in solids},
  author={Linder, Christian and Armero, Francisco},
  journal={International Journal for Numerical Methods in Engineering},
  volume={72},
  number={12},
  pages={1391--1433},
  year={2007},
  publisher={Wiley Online Library}
}

%Hybrid Phase-Field
@article{giovanardi2017hybrid,
  title={A hybrid XFEM--Phase field (Xfield) method for crack propagation in brittle elastic materials},
  author={Giovanardi, Bianca and Scotti, Anna and Formaggia, Luca},
  journal={Computer Methods in Applied Mechanics and Engineering},
  volume={320},
  pages={396--420},
  year={2017},
  publisher={Elsevier}
}

@article{muixi2021combined,
  title={A combined XFEM phase-field computational model for crack growth without remeshing},
  author={Muix{\'\i}, Alba and Marco, Onofre and Rodr{\'\i}guez-Ferran, Antonio and Fern{\'a}ndez-M{\'e}ndez, Sonia},
  journal={Computational Mechanics},
  volume={67},
  number={1},
  pages={231--249},
  year={2021},
  publisher={Springer}
}

@article{geelen2018optimization,
  title={An optimization-based phase-field method for continuous-discontinuous crack propagation},
  author={Geelen, Rudy JM and Liu, Yingjie and Dolbow, John E and Rodr{\'\i}guez-Ferran, Antonio},
  journal={International Journal for Numerical Methods in Engineering},
  volume={116},
  number={1},
  pages={1--20},
  year={2018},
  publisher={Wiley Online Library}
}

@article{sun2020hybrid,
  title={A hybrid FEMM-Phase field method for fluid-driven fracture propagation in three dimension},
  author={Sun, Yuan and Liu, Zhiyuan and Tang, Xuhai},
  journal={Engineering Analysis with Boundary Elements},
  volume={113},
  pages={40--54},
  year={2020},
  publisher={Elsevier}
}

%Old models
%PKN
@article{perkins1961widths,
  title={Widths of hydraulic fractures},
  author={Perkins, TK and Kern, L Re},
  journal={Journal of Petroleum Technology},
  volume={13},
  number={09},
  pages={937--949},
  year={1961},
  publisher={OnePetro}
}

@article{sneddon1946opening,
  title={The opening of a Griffith crack under internal pressure},
  author={Sneddon, IN and Elliot, HA},
  journal={Quarterly of Applied Mathematics},
  volume={4},
  number={3},
  pages={262--267},
  year={1946}
}

@article{nordgren1972propagation,
  title={Propagation of a vertical hydraulic fracture},
  author={Nordgren, RP},
  journal={Society of Petroleum Engineers Journal},
  volume={12},
  number={04},
  pages={306--314},
  year={1972},
  publisher={OnePetro}
}

%KGD
@inproceedings{zheltov19553,
  title={3. Formation of vertical fractures by means of highly viscous liquid},
  author={Zheltov, A Khristianovic},
  booktitle={4th World Petroleum Congress},
  year={1955},
  organization={OnePetro}
}

@article{geertsma1969rapid,
  title={A rapid method of predicting width and extent of hydraulically induced fractures},
  author={Geertsma, J and De Klerk, F},
  journal={Journal of Petroleum Technology},
  volume={21},
  number={12},
  pages={1571--1581},
  year={1969},
  publisher={OnePetro}
}

%P3D

@article{simonson1978containment,
  title={Containment of massive hydraulic fractures},
  author={Simonson, ER and Abou-Sayed, AS and Clifton, RJ},
  journal={Society of Petroleum Engineers Journal},
  volume={18},
  number={01},
  pages={27--32},
  year={1978},
  publisher={OnePetro}
}

@article{warpinski1994comparison,
  title={Comparison study of hydraulic fracturing models—test case: GRI staged field Experiment No. 3 (includes associated paper 28158)},
  author={Warpinski, Norman R and Moschovidis, ZA and Parker, CD and Abou-Sayed, IS},
  journal={SPE Production \& Facilities},
  volume={9},
  number={01},
  pages={7--16},
  year={1994},
  publisher={OnePetro}
}

%bonne and ingaffea

@inproceedings{boone1991simulation,
  title={Simulation of hydraulic fracture propagation in poroelastic rock with application to stress measurement techniques},
  author={Boone, TJ and Ingraffea, AR and Roegiers, J-C},
  booktitle={International Journal of Rock Mechanics and Mining Sciences \& Geomechanics Abstracts},
  volume={28},
  pages={1--14},
  year={1991},
  organization={Elsevier}
}

@article{boone1990numerical,
  title={A numerical procedure for simulation of hydraulically-driven fracture propagation in poroelastic media},
  author={Boone, Thomas J and Ingraffea, Anthony R},
  journal={International Journal for Numerical and Analytical Methods in Geomechanics},
  volume={14},
  pages={27--47},
  year={1990},
  publisher={Wiley Online Library}
}

@article{carter2000simulating,
  title={Simulating fully 3D hydraulic fracturing},
  author={Carter, BJ and Desroches, J and Ingraffea, AR and Wawrzynek, PA},
  journal={Modeling in Geomechanics},
  volume={200},
  pages={525--557},
  year={2000},
  publisher={Wiley Chichester}
}


%simoni and secchi

@article{simoni2003cohesive,
  title={Cohesive fracture mechanics for a multi-phase porous medium},
  author={Simoni, Luciano and Secchi, Stefano},
  journal={Engineering Computations},
  year={2003},
  publisher={MCB UP Ltd}
}

@article{secchi2007mesh,
  title={Mesh adaptation and transfer schemes for discrete fracture propagation in porous materials},
  author={Secchi, Stefano and Simoni, Luciano and A. Schrefler, Bernhard},
  journal={International Journal for Numerical and Analytical Methods in Geomechanics},
  volume={31},
  number={2},
  pages={331--345},
  year={2007},
  publisher={Wiley Online Library}
}

@article{secchi2012method,
  title={A method for 3-D hydraulic fracturing simulation},
  author={Secchi, Schrefler and Schrefler, BA},
  journal={International Journal of Fracture},
  volume={178},
  number={1-2},
  pages={245--258},
  year={2012},
  publisher={Springer}
}

%XFEM and other enrichment methods

@article{moes1999finite,
  title={A finite element method for crack growth without remeshing},
  author={Mo{\"e}s, Nicolas and Dolbow, John and Belytschko, Ted},
  journal={International Journal for Numerical Methods in Engineering},
  volume={46},
  number={1},
  pages={131--150},
  year={1999},
  publisher={Wiley Online Library}
}

%XFEM for hydraulic fracture

@article{mohammadnejad2013extended,
  title={An extended finite element method for hydraulic fracture propagation in deformable porous media with the cohesive crack model},
  author={Mohammadnejad, T and Khoei, AR},
  journal={Finite Elements in Analysis and Design},
  volume={73},
  pages={77--95},
  year={2013},
  publisher={Elsevier}
}

@article{gordeliy2013coupling,
  title={Coupling schemes for modeling hydraulic fracture propagation using the XFEM},
  author={Gordeliy, Elizaveta and Peirce, Anthony},
  journal={Computer Methods in Applied Mechanics and Engineering},
  volume={253},
  pages={305--322},
  year={2013},
  publisher={Elsevier}
}

@article{gordeliy2015enrichment,
  title={Enrichment strategies and convergence properties of the XFEM for hydraulic fracture problems},
  author={Gordeliy, Elizaveta and Peirce, Anthony},
  journal={Computer Methods in Applied Mechanics and Engineering},
  volume={283},
  pages={474--502},
  year={2015},
  publisher={Elsevier}
}

@article{lecampion2009extended,
  title={An extended finite element method for hydraulic fracture problems},
  author={Lecampion, Brice},
  journal={Communications in Numerical Methods in Engineering},
  volume={25},
  number={2},
  pages={121--133},
  year={2009},
  publisher={Wiley Online Library}
}

@article{gupta2014simulation,
  title={Simulation of non-planar three-dimensional hydraulic fracture propagation},
  author={Gupta, P and Duarte, Carlos Armando},
  journal={International Journal for Numerical and Analytical Methods in Geomechanics},
  volume={38},
  number={13},
  pages={1397--1430},
  year={2014},
  publisher={Wiley Online Library}
}

@article{gupta2018coupled,
  title={Coupled hydromechanical-fracture simulations of nonplanar three-dimensional hydraulic fracture propagation},
  author={Gupta, P and Duarte, Carlos Armando},
  journal={International Journal for Numerical and Analytical Methods in Geomechanics},
  volume={42},
  number={1},
  pages={143--180},
  year={2018},
  publisher={Wiley Online Library}
}

@article{ehlers2017phase,
  title={A phase-field approach embedded in the theory of porous media for the description of dynamic hydraulic fracturing},
  author={Ehlers, Wolfgang and Luo, Chenyi},
  journal={Computer methods in applied mechanics and engineering},
  volume={315},
  pages={348--368},
  year={2017},
  publisher={Elsevier}
}

%biot
@article{biot1941general,
  title={General theory of three-dimensional consolidation},
  author={Biot, Maurice A},
  journal={Journal of Applied Physics},
  volume={12},
  number={2},
  pages={155--164},
  year={1941},
  publisher={American Institute of Physics}
}

%review phase-field
@article{ambati2015review,
  title={A review on phase-field models of brittle fracture and a new fast hybrid formulation},
  author={Ambati, Marreddy and Gerasimov, Tymofiy and De Lorenzis, Laura},
  journal={Computational Mechanics},
  volume={55},
  number={2},
  pages={383--405},
  year={2015},
  publisher={Springer}
}
%griffith
@article{griffith1921vi,
  title={VI. The phenomena of rupture and flow in solids},
  author={Griffith, Alan Arnold},
  journal={Philosophical Transactions of the Royal Society of London. Series A},
  volume={221},
  number={582-593},
  pages={163--198},
  year={1921},
  publisher={The royal society London}
}

%EDFM

@article{lee2001hierarchical,
  title={Hierarchical modeling of flow in naturally fractured formations with multiple length scales},
  author={Lee, Seong H and Lough, MF and Jensen, CL},
  journal={Water Resources Research},
  volume={37},
  number={3},
  pages={443--455},
  year={2001},
  publisher={Wiley Online Library}
}

@article{hajibeygi2011hierarchical,
  title={A hierarchical fracture model for the iterative multiscale finite volume method},
  author={Hajibeygi, Hadi and Karvounis, Dimitris and Jenny, Patrick},
  journal={Journal of Computational Physics},
  volume={230},
  number={24},
  pages={8729--8743},
  year={2011},
  publisher={Elsevier}
}

%results section

@article{kumar2020revisiting,
  title={Revisiting nucleation in the phase-field approach to brittle fracture},
  author={Kumar, Aditya and Bourdin, Blaise and Francfort, Gilles A and Lopez-Pamies, Oscar},
  journal={Journal of the Mechanics and Physics of Solids},
  volume={142},
  pages={104027},
  year={2020},
  publisher={Elsevier}
}

@article{hossain2014effective,
  title={Effective toughness of heterogeneous media},
  author={Hossain, MZ and Hsueh, C-J and Bourdin, B and Bhattacharya, K},
  journal={Journal of the Mechanics and Physics of Solids},
  volume={71},
  pages={15--32},
  year={2014},
  publisher={Elsevier}
}





@ARTICLE{Fortunato2010,
  author  = {Fortunato, S.},
  title   = {Community detection in graphs},
  journal = {Phys. Rep.-Rev. Sec. Phys. Lett.}, 
  volume  = {486},
  year    = {2010},
  pages   = {75-174}
}

@ARTICLE{NewmanGirvan2004,
  author  = {Newman, M. E. J. and Girvan, M.},
  title   = {Finding and evaluating community structure in networks},
  journal = {Phys. Rev. E.}, 
  volume  = {69},
  year    = {2004},
  pages   = {026113}
}

@ARTICLE{Vehlowetal2013,
  author  = {Vehlow, C. and Reinhardt, T. and Weiskopf, D.},
  title   = {Visualizing Fuzzy Overlapping Communities in Networks},
  journal = {IEEE Trans. Vis. Comput. Graph.}, 
  volume  = {19},
  year    = {2013},
  pages   = {2486-2495}
}

@ARTICLE{Raghavanetal2007,
  author  = {Raghavan, U. and Albert, R. and Kumara, S.},
  title   = {Near linear time algorithm to detect community structures in large-scale networks},
  journal = {Phys. Rev E.}, 
  volume  = {76},
  year    = {2007},
  pages   = {036106}
}

@ARTICLE{SubeljBajec2011a,
  author  = {\v{S}ubelj, L. and Bajec, M.},
  title   = {Robust network community detection using balanced propagation},
  journal = {Eur. Phys. J. B.}, 
  volume  = {81},
  year    = {2011},
  pages   = {353-362}
}

@ARTICLE{Louetal2013,
  author  = {Lou, H. and Li, S. and Zhao, Y.},
  title   = {Detecting community structure using label propagation with weighted coherent neighborhood propinquity},
  journal = {Physica A.}, 
  volume  = {392},
  year    = {2013},
  pages   = {3095-3105}
}

@ARTICLE{Clausetetal2004,
  author  = {Clauset, A. and Newman, M. E. J. and Moore, C.},
  title   = {Finding community structure in very large networks},
  journal = {Phys. Rev. E.}, 
  volume  = {70},
  year    = {2004},
  pages   = {066111}
}

@ARTICLE{Blondeletal2008,
  author  = {Blondel, V. D. and Guillaume, J. L. and Lambiotte, R. and Lefebvre, E.},
  title   = {Fast unfolding of communities in large networks},
  journal = {J. Stat. Mech.-Theory Exp.}, 
  volume  = {2008},
  year    = {2008},
  pages   = {P10008}
}

@ARTICLE{SobolevskyCampari2014,
  author  = {Sobolevsky, S. and Campari, R.},
  title   = {General optimization technique for high-quality community detection in complex networks},
  journal = {Phys. Rev. E.}, 
  volume  = {90},
  year    = {2014},
  pages   = {012811}
}

@ARTICLE{FortunatoBarthelemy2007,
  author  = {Fortunato, S. and Barthelemy, M.},
  title   = {Resolution limit in community detection},
  journal = {Proc. Natl. Acad. Sci. U. S. A.}, 
  volume  = {104},
  year    = {2007},
  pages   = {36-41}
}

@ARTICLE{SubeljBajec2011b,
  author  = {\v{S}ubelj, L. and Bajec, M.},
  title   = {Unfolding communities in large complex networks: Combining defensive and offensive label propagation for core extraction},
  journal = {Phys. Rev. E.}, 
  volume  = {83},
  year    = {2011},
  pages   = {036103}
}

@ARTICLE{WangLi2013,
  author  = {Wang, X. and Li, J.},
  title   = {Detecting communities by the core-vertex and intimate degree in complex networks},
  journal = {Physica A.}, 
  volume  = {392},
  year    = {2013},
  pages   = {2555-2563}
}

@ARTICLE{Lietal2013,
  author  = {Li, J. and Wang, X. and Eustace, J.},
  title   = {Detecting overlapping communities by seed community in weighted complex networks},
  journal = {Physica A.}, 
  volume  = {392},
  year    = {2013},
  pages   = {6125-6134}
}

@ARTICLE{Fabioetal2013,
  author  = {Fabio, D. R. and Fabio, D. and Carlo, P.},
  title   = {Profiling core-periphery network structure by random walkers},
  journal = {Sci. Rep.}, 
  volume  = {3},
  year    = {2013},
  pages   = {1467}
}

@ARTICLE{Chenetal2013,
  author  = {Chen, Q. and Wu, T. T. and Fang, M.},
  title   = {Detecting local community structure in complex networks based on local degree central nodes},
  journal = {Physica A.}, 
  volume  = {392},
  year    = {2013},
  pages   = {529-537}
}

@ARTICLE{Zhangetal2007,
  author  = {Zhang, S. and Wang, R. and Zhang, X.},
  title   = {Identification of overlapping community structure in complex networks using fuzzy c-means clustering},
  journal = {Physica A.}, 
  volume  = {374},
  year    = {2007},
  pages   = {483-490}
}

@ARTICLE{Nepuszetal2008,
  author  = {Nepusz, T. and Petr\'oczi, A. and N\'egyessy, L. and Bazs\'o, F.},
  title   = {Fuzzy communities and the concept of bridgeness in complex networks},
  journal = {Phys. Rev. E.}, 
  volume  = {77},
  year    = {2008},
  pages   = {016107}
}

@ARTICLE{FabricioLiang2013,
  author  = {Fabricio, B. and Liang, Z.},
  title   = {Fuzzy community structure detection by particle competition and cooperation},
  journal = {Soft Comput.}, 
  volume  = {17},
  year    = {2013},
  pages   = {659-673}
}

@ARTICLE{Sunetal2011,
  author  = {Sun, P. and Gao, L. and Han, S.},
  title   = {Identification of overlapping and non-overlapping community structure by fuzzy clustering in complex networks},
  journal = {Inf. Sci.}, 
  volume  = {181},
  year    = {2011},
  pages   = {1060-1071}
}

@ARTICLE{Wangetal2013,
  author  = {Wang, W. and Liu, D. and Liu, X. and Pan, L.},
  title   = {Fuzzy overlapping community detection based on local random walk and multidimensional scaling},
  journal = {Physica A.}, 
  volume  = {392},
  year    = {2013},
  pages   = {6578-6586}
}

@ARTICLE{Psorakisetal2011,
  author  = {Psorakis, I. and Roberts, S. and Ebden, M. and Sheldon, B.},
  title   = {Overlapping community detection using Bayesian non-negative matrix factorization},
  journal = {Phys. Rev. E.}, 
  volume  = {83},
  year    = {2011},
  pages   = {066114}
}

@CONFERENCE{ZhangYeung2012,
  author  = {Zhang, Y. and Yeung, D.},
  title   = {Overlapping Community Detection via Bounded Nonnegative Matrix Tri-Factorization},
  booktitle = {In Proc. ACM SIGKDD Conf.}, 
  year    = {2012},
  pages   = {606-614}
}

@ARTICLE{Liu2010,
  author  = {Liu, J.},
  title   = {Fuzzy modularity and fuzzy community structure in networks},
  journal = {Eur. Phys. J. B.}, 
  volume  = {77},
  year    = {2010},
  pages   = {547-557}
}

@ARTICLE{Havensetal2013,
  author  = {Havens, T. C. and Bezdek, J. C. and Leckie, C., Ramamohanarao, K. and Palaniswami, M.},
  title   = {A Soft Modularity Function For Detecting Fuzzy Communities in Social Networks},
  journal = {IEEE Trans. Fuzzy Syst.}, 
  volume  = {21},
  year    = {2013},
  pages   = {1170-1175}
}

@misc{Newman2013,
  author = {Newman, M. E. J.},
  title  = {Network data},
  howpublished = "\url{http://www-personal.umich.edu/~mejn/netdata/}",
  year = {2013}
}

@ARTICLE{SubeljBajec2012,
  author  = {\v{S}ubelj, L. and Bajec, M.},
  title   = {Ubiquitousness of link-density and link-pattern communities in real-world networks},
  journal = {Eur. Phys. J. B.}, 
  volume  = {85},
  year    = {2012},
  pages   = {1-11}
}

@ARTICLE{Lancichinettietal2008,
  author  = {Lancichinetti, A. and Fortunato, S. and Radicchi, F.},
  title   = {Benchmark graphs for testing community detection algorithms},
  journal = {Phys. Rev. E.}, 
  volume  = {78},
  year    = {2008},
  pages   = {046110}
}

@ARTICLE{Liuetal2014,
  author  = {Liu, W. and Pellegrini, M. and Wang, X.},
  title   = {Detecting Communities Based on Network Topology},
  journal = {Sci. Rep.}, 
  volume  = {4},
  year    = {2014},
  pages   = {5739}
}

@ARTICLE{Danonetal2005,
  author  = {Danon, L. and Diaz-Guilera, A. and Duch, J. and Arenas, A.},
  title   = {Comparing community structure identification},
  journal = {J. Stat. Mech.-Theory Exp.}, 
  volume  = {},
  year    = {2005},
  pages   = {P09008}
}

@ARTICLE{Gregory2011,
  author  = {Gregory, S.},
  title   = {Fuzzy overlapping communities in networks},
  journal = {J. Stat. Mech.-Theory Exp.}, 
  volume  = {},
  year    = {2011},
  pages   = {P02017}
}

@ARTICLE{LancichinettiFortunato2009,
  author  = {Lancichinetti, A. and Fortunato, S.},
  title   = {Benchmarks for testing community detection algorithms on directed and weighted graphs with overlapping communities},
  journal = {Phys. Rev. E.}, 
  volume  = {80},
  year    = {2009},
  pages   = {016118}
}

@CONFERENCE{HullermeierRifqi2009,
  author  = {Hullermeier, E. and Rifqi, M.},
  title   = {A Fuzzy Variant of the Rand Index for Comparing Clustering Structures},
  booktitle = {in Proc. IFSA/EUSFLAT Conf.}, 
  year    = {2009},
  pages   = {1294-1298}
}


@article{rice_path_1968,
  title = {A {Path} {Independent} {Integral} and the {Approximate} {Analysis} of {Strain} {Concentration} by {Notches} and {Cracks}},
  volume = {35},
  issn = {0021-8936},
  url = {http://dx.doi.org/10.1115/1.3601206},
  doi = {10.1115/1.3601206},
  number = {2},
  journal = {Journal of Applied Mechanics},
  author = {Rice, J. R.},
  month = jun,
  year = {1968},
  pages = {379--386},
  annote = {10.1115/1.3601206}
}

@article{hossain_effective_2014,
  title = {Effective toughness of heterogeneous media},
  volume = {71},
  issn = {0022-5096},
  url = {http://www.sciencedirect.com/science/article/pii/S0022509614001215},
  doi = {10.1016/j.jmps.2014.06.002},
  journal = {Journal of the Mechanics and Physics of Solids},
  author = {Hossain, M.Z. and Hsueh, C.-J. and Bourdin, B. and Bhattacharya, K.},
  month = nov,
  year = {2014},
  keywords = {Brittle fracture, Computational fracture mechanics, Effective toughness, Heterogeneous media, Toughness asymmetry},
  pages = {15--32},
  file = {Hossain et al. - 2014 - Effective toughness of heterogeneous media.pdf:/Users/btalami/Zotero/storage/3YF4PCBN/Hossain et al. - 2014 - Effective toughness of heterogeneous media.pdf:application/pdf}
}

@article{ulmer2013phase,
  title={Phase field modeling of brittle and ductile fracture},
  author={Ulmer, Heike and Hofacker, Martina and Miehe, Christian},
  journal={PAMM},
  volume={13},
  number={1},
  pages={533--536},
  year={2013},
  publisher={Wiley Online Library}
}

@article{kalthoff1988failure,
  title={Failure mode transition at high rates of shear loading},
  author={Kalthoff, JF and Winkler, S},
  journal={DGM Informationsgesellschaft mbH, Impact Loading and Dynamic Behavior of Materials},
  volume={1},
  pages={185--195},
  year={1988}
}

@article{de2021nucleation,
  title={Nucleation under multi-axial loading in variational phase-field models of brittle fracture},
  author={De Lorenzis, Laura and Maurini, Corrado},
  journal={International Journal of Fracture},
  pages={1--21},
  year={2021},
  publisher={Springer}
}

@article{tanne2018crack,
  title={Crack nucleation in variational phase-field models of brittle fracture},
  author={Tann{\'e}, Erwan and Li, Tianyi and Bourdin, Blaise and Marigo, J-J and Maurini, Corrado},
  journal={Journal of the Mechanics and Physics of Solids},
  volume={110},
  pages={80--99},
  year={2018},
  publisher={Elsevier}
}

@article{kumar2020revisiting,
  title={Revisiting nucleation in the phase-field approach to brittle fracture},
  author={Kumar, Aditya and Bourdin, Blaise and Francfort, Gilles A and Lopez-Pamies, Oscar},
  journal={Journal of the Mechanics and Physics of Solids},
  pages={104027},
  year={2020},
  publisher={Elsevier}
}

@article{seiler2020efficient,
  title={An efficient phase-field model for fatigue fracture in ductile materials},
  author={Seiler, Martha and Linse, Thomas and Hantschke, Peter and K{\"a}stner, Markus},
  journal={Engineering Fracture Mechanics},
  volume={224},
  pages={106807},
  year={2020},
  publisher={Elsevier}
}

@article{mesgarnejad2019phase,
  title={Phase-field models for fatigue crack growth},
  author={Mesgarnejad, Ataollah and Imanian, Anahita and Karma, Alain},
  journal={Theoretical and Applied Fracture Mechanics},
  volume={103},
  pages={102282},
  year={2019},
  publisher={Elsevier}
}

@article{alessi2018phenomenological,
  title={A phenomenological approach to fatigue with a variational phase-field model: The one-dimensional case},
  author={Alessi, Roberto and Vidoli, Stefano and De Lorenzis, Laura},
  journal={Engineering fracture mechanics},
  volume={190},
  pages={53--73},
  year={2018},
  publisher={Elsevier}
}

@article{lo2019phase,
  title={A phase-field model for fatigue crack growth},
  author={Lo, Yu-Sheng and Borden, Michael J and Ravi-Chandar, K and Landis, Chad M},
  journal={Journal of the Mechanics and Physics of Solids},
  volume={132},
  pages={103684},
  year={2019},
  publisher={Elsevier}
}

@book{braides1998approximation,
  author = "Braides, Andrea and others",
  title = "Approximation of free-discontinuity problems",
  number = "1694",
  year = "1998",
  publisher = "Springer Science \& Business Media"
}

@article{xue2020stress,
  author = "Xue, Fei and Cheng, Tian-Le and Wen, You-Hai",
  title = "Stress Analysis of the Steam-Side Oxide of Boiler Tubes: Contributions from Thermal Strain, Interface Roughness, Creep, and Oxide Growth",
  journal = "Oxidation of Metals",
  volume = "93",
  number = "5",
  pages = "515--543",
  year = "2020",
  publisher = "Springer"
}

@article{matsubara2021variationally,
  author = "Matsubara, Seishiro and Terada, Kenjiro",
  title = "A variationally consistent formulation of the thermo-mechanically coupled problem with non-associative viscoplasticity for glassy amorphous polymers",
  journal = "International Journal of Solids and Structures",
  volume = "212",
  pages = "152--168",
  year = "2021",
  publisher = "Elsevier"
}

@article{batra1989principle,
  author = "Batra, Gautam",
  title = "On a principle of virtual work for thermo-elastic bodies",
  journal = "Journal of elasticity",
  volume = "21",
  number = "2",
  pages = "131--146",
  year = "1989",
  publisher = "Springer"
}

@article{molinari1987global,
  author = "Molinari, A and Ortiz, M",
  title = "Global viscoelastic behavior of heterogeneous thermoelastic materials",
  journal = "International journal of solids and structures",
  volume = "23",
  number = "9",
  pages = "1285--1300",
  year = "1987",
  publisher = "Elsevier"
}

@book{oden2012variational,
  author = "Oden, John Tinsley and Reddy, Junuthula Narasimha",
  title = "Variational methods in theoretical mechanics",
  year = "2012",
  publisher = "Springer Science \ Business Media"
}

@article{ben1965variational,
  author = "Ben-Amoz, M",
  title = "On a variational theorem in coupled thermoelasticity",
  year = "1965"
}

@article{herrmann1963variational,
  author = "Herrmann, George",
  title = "On variational principles in thermoelasticity and heat conduction",
  journal = "Quarterly of Applied Mathematics",
  volume = "21",
  number = "2",
  pages = "151--155",
  year = "1963"
}

@article{biot1956thermoelasticity,
  author = "Biot, Maurice Anthony",
  title = "Thermoelasticity and irreversible thermodynamics",
  journal = "Journal of applied physics",
  volume = "27",
  number = "3",
  pages = "240--253",
  year = "1956",
  publisher = "American Institute of Physics"
}

@book{higham2016matlab,
  author = "Higham, Desmond J and Higham, Nicholas J",
  title = "MATLAB guide",
  year = "2016",
  publisher = "SIAM"
}

@article{heroux2005overview,
  author = "Heroux, Michael A and Bartlett, Roscoe A and Howle, Vicki E and Hoekstra, Robert J and Hu, Jonathan J and Kolda, Tamara G and Lehoucq, Richard B and Long, Kevin R and Pawlowski, Roger P and Phipps, Eric T and others",
  title = "An overview of the Trilinos project",
  journal = "ACM Transactions on Mathematical Software (TOMS)",
  volume = "31",
  number = "3",
  pages = "397--423",
  year = "2005",
  publisher = "ACM New York, NY, USA"
}

@techreport{benson2003tao,
  author = "Benson, Steve and McInnes, Lois Curfman and More, Jorge J and Sarich, Jason",
  title = "TAO users manual.",
  year = "2003",
  institution = "Argonne National Lab., IL (US)"
}

@article{gariepy2001functions,
  author = "Gariepy, Ronald F",
  title = "FUNCTIONS OF BOUNDED VARIATION AND FREE DISCONTINUITY PROBLEMS (Oxford Mathematical Monographs) By LUIGI AMBROSIO, NICOLO FUCSO and DIEGO PALLARA: 434 pp.,{\pounds} 55.00, ISBN 0-19-850254-1 (Clarendon Press, Oxford, 2000).",
  journal = "Bulletin of the London Mathematical Society",
  volume = "33",
  number = "4",
  pages = "492--512",
  year = "2001",
  publisher = "Cambridge University Press"
}

@article{weber1990finite,
  author = "Weber, Gustavo and Anand, Lallit",
  title = "Finite deformation constitutive equations and a time integration procedure for isotropic, hyperelastic-viscoplastic solids",
  journal = "Computer Methods in Applied Mechanics and Engineering",
  volume = "79",
  number = "2",
  pages = "173--202",
  year = "1990",
  publisher = "Elsevier"
}

@article{HuGary2020,
  author = "Hu, Tianchen and Guilleminot, Johann and Dolbow, John E",
  title = "A phase-field model of fracture with frictionless contact and random fracture properties: Application to thin-film fracture and soil dessication",
  journal = "Computer Methods in Applied Mechanics and Engineering",
  volume = "368",
  pages = "113106",
  year = "2020",
  publisher = "Elsevier"
}

@article{Francfort98,
  author = "Francfort, G.A. and Marigo, J.J.",
  title = "Revisiting brittle fracture as an energy minimization problem",
  journal = "Journal of the Mechanics and Physics of Solids",
  volume = "46",
  number = "8",
  pages = "1319--1342",
  year = "1998"
}

@article{Bourdin2000,
  author = "Bourdin, B. and Francfort, G.A. and Marigo, J.J.",
  title = "Numerical experiments in revisited brittle fracture",
  journal = "Journal of the Mechanics and Physics of Solids",
  volume = "48",
  number = "4",
  pages = "797--826",
  year = "2000"
}

@article{karma_2004,
  Author = "Karma, A. and Lobkovsky, A. E.",
  Date-Added = "2014-10-06 01:22:14 +0000",
  Date-Modified = "2014-10-06 01:23:04 +0000",
  Journal = "Physical Review Letters",
  Number = "10",
  Pages = "245510",
  Title = "Unsteady Crack Motion and Branching in a Phase-Field Model of Brittle Fracture",
  Volume = "93",
  Year = "2004"
}

@article{karma_2001,
  Author = "Karma, A. and Kessler, D. A. and Levine, H.",
  Date-Added = "2014-10-06 01:21:10 +0000",
  Date-Modified = "2014-10-06 01:22:08 +0000",
  Journal = "Physical Review Letters",
  Number = "4",
  Pages = "045501-1-4",
  Title = "Phase-field model of mode {III} dynamic fracture",
  Volume = "87",
  Year = "2001"
}

@article{AMOR20091209,
  author = "Amor, Hanen and Marigo, Jean-Jacques and Maurini, Corrado",
  title = "Regularized formulation of the variational brittle fracture with unilateral contact: Numerical experiments",
  journal = "Journal of the Mechanics and Physics of Solids",
  volume = "57",
  number = "8",
  pages = "1209 - 1229",
  year = "2009",
  issn = "0022-5096"
}

@misc{raccoon_doc,
author = "Hu, Tianchen",
title = "{RACCOON} documentation",
url = "https://hugary1995.github.io/raccoon",
journal = "RACCOON documentation",
year = "2020"
}

@article{RONDINELLA201024,
  author = "Rondinella, Vincenzo V. and Wiss, Thierry",
  title = "The high burn-up structure in nuclear fuel",
  journal = "Materials Today",
  volume = "13",
  number = "12",
  pages = "24-32",
  year = "2010"
}

@article{Moelans2008,
  author = "Moelans, N. and Blanpain, B. and Wollants, P.",
  title = "Quantitative analysis of grain boundary properties in a generalized phase field model for grain growth in anisotropic systems",
  journal = "Phys. Rev. B",
  volume = "78",
  issue = "2",
  pages = "024113",
  numpages = "23",
  year = "2008",
  month = "Jul",
  publisher = "American Physical Society"
}

@article{JYWu2017,
  author = "Wu, Jian-Ying",
  title = "A unified phase-field theory for the mechanics of damage and quasi-brittle failure",
  journal = "Journal of the Mechanics and Physics of Solids",
  volume = "103",
  pages = "72 - 99",
  year = "2017"
}

@Misc{petsc-web-page,
author = "Balay, Satish and Abhyankar, Shrirang and Adams, Mark F. and Brown, Jed and Brune, Peter and Buschelman, Kris and Dalcin, Lisandro and Dener, Alp and Eijkhout, Victor and Gropp, William D. and Karpeyev, Dmitry and Kaushik, Dinesh and Knepley, Matthew G. and May, Dave A. and McInnes, Lois Curfman and Mills, Richard Tran and Munson, Todd and Rupp, Karl and Sanan, Patrick and Smith, Barry F. and Zampini, Stefano and Zhang, Hong and Zhang, Hong",
title = "{PETS}c {W}eb page",
url = "https://www.mcs.anl.gov/petsc",
howpublished = "\url{https://www.mcs.anl.gov/petsc}",
year = "2019"
}

@techreport{Aagesen2020,
  author = "Aagesen, L. K. and Biswas, S. and Jiang, W. and Jokisaari, A. M. and Andersson, D. and Cooper, M. W. D. and Matthews, C.",
  Institution = "Idaho National Laboratory",
  Number = "INL/EXT-20-00558",
  Title = "Determine fragmentation criteria in high-burnup UO$\_2$ fuel during accident conditions",
  Year = "2020"
}

@article{WILLIAMSON2020,
  author = "Williamson, R. L. and Hales, J. D. and Novascone, S. R. and Pastore, G. and Gamble, K. A. and Spencer, B. W. and Jiang, W. and Pitts, S. A. and Casagranda, A. and Schwen, D. and Zabriskie, A. X. and Toptan, A. and Gardner, R. and Matthews, C. and Liu, W. and and Chen, H.",
  title = "BISON: A Flexible Code for Advanced Simulation of the Performance of Multiple Nuclear Fuel Forms",
  journal = "Nuclear Technology",
  year = "2020",
  pubstate = "in press"
}

@article{CHUKWUDOZIE2019957,
  author = "Chukwudozie, Chukwudi and Bourdin, Blaise and Yoshioka, Keita",
  title = "A variational phase-field model for hydraulic fracturing in porous media",
  journal = "Computer Methods in Applied Mechanics and Engineering",
  volume = "347",
  pages = "957 - 982",
  year = "2019"
}

@article{Mikeli__2015,
author = "Mikeli{\'{c}}, Andro and Wheeler, Mary F and Wick, Thomas",
year = "2015",
month = "apr",
publisher = "{IOP} Publishing",
volume = "28",
number = "5",
pages = "1371--1399",
title = "A quasi-static phase-field approach to pressurized fractures",
journal = "Nonlinearity"
}

@article{CAPPS2021152750,
  author = "Capps, Nathan and Jensen, Colby and Cappia, Fabiola and Harp, Jason and Terrani, Kurt and Woolstenhulme, Nicolas and Wachs, Daniel",
  title = "A Critical Review of High Burnup Fuel Fragmentation, Relocation, and Dispersal under Loss-Of-Coolant Accident Conditions",
  journal = "Journal of Nuclear Materials",
  volume = "546",
  pages = "152750",
  year = "2021"
}

@article{Turnbull2015,
  author = "Turnbull, J. A. and Yagnik, S. K. and Hirai, M. and Staicu, D. M. and Walker, C. T.",
  title = "An Assessment of the Fuel Pulverization Threshold During LOCA-Type Temperature Transients",
  journal = "Nuclear Science and Engineering",
  volume = "179",
  number = "4",
  pages = "477-485",
  year = "2015",
  publisher = "Taylor \ Francis"
}

@article{JIANG2020106713,
  author = "Jiang, Wen and Spencer, Benjamin W. and Dolbow, John E.",
  title = "Ceramic nuclear fuel fracture modeling with the extended finite element method",
  journal = "Engineering Fracture Mechanics",
  volume = "223",
  pages = "106713",
  year = "2020",
  issn = "0013-7944"
}

@article{JERNKVIST2020103188,
  author = "Jernkvist, Lars O.",
  title = "A review of analytical criteria for fission gas induced fragmentation of oxide fuel in accident conditions",
  journal = "Progress in Nuclear Energy",
  volume = "119",
  pages = "103188",
  year = "2020",
  issn = "0149-1970"
}

@article{KULACSY2015409,
  author = "Kulacsy, Katalin",
  title = "Mechanistic model for the fragmentation of the high-burnup structure during LOCA",
  journal = "Journal of Nuclear Materials",
  volume = "466",
  pages = "409 - 416",
  year = "2015"
}

@article{WILSON2016264,
  author = "Wilson, Zachary A. and Landis, Chad M.",
  title = "Phase-field modeling of hydraulic fracture",
  journal = "Journal of the Mechanics and Physics of Solids",
  volume = "96",
  pages = "264 - 290",
  year = "2016",
  issn = "0022-5096"
}

@article{Bourding2008,
  author = "Bourdin, B. and Francfort, G.A. and Marigo, JJ",
  title = "The Variational Approach to Fracture",
  journal = "Journal of Elasticity",
  volume = "91",
  pages = "5 - 148",
  year = "2008"
}

@article{YOSHIOKA2020113210,
  author = "Yoshioka, Keita and Naumov, Dmitri and Kolditz, Olaf",
  title = "On crack opening computation in variational phase-field models for fracture",
  journal = "Computer Methods in Applied Mechanics and Engineering",
  volume = "369",
  pages = "113210",
  year = "2020"
}

@techreport{STUDSVIK,
  Author = "Puranen, Anders",
  Date-Added = "2013-12-11",
  Institution = "Studsvik",
  Title = "Post test examinations on LOCA tested rods",
  Number = "STUDSVIK/N-13/198",
  Type = "Studsvik Report",
  Year = "2013"
}

@article{miehe_2010_p1,
Author = "Miehe, C. and Welschinger, F. and Hofacker, M.",
Date-Added = "2014-10-06 01:14:13 +0000",
Date-Modified = "2014-10-06 01:15:56 +0000",
Journal = "International Journal for Numerical Methods in Engineering",
Pages = "1273-1311",
Title = "Thermodynamically consistent phase-field models of fracture: Variational principles and multi-field {F}{E} implementations",
Volume = "83",
Year = "2010"
}

@article{pritam_2016,
  author = "Chakraborty, Pritam and Zhang, Yongfeng and Tonks, Michael R.",
  title = "Multi-scale modeling of microstructure dependent intergranular brittle fracture using a quantitative phase-field based method",
  journal = "Computational Materials Science",
  volume = "113",
  pages = "38 - 52",
  year = "2016",
  issn = "0927-0256"
}

@article{Ebeida2012,
  author = "Ebeida, Mohamed S. and Mitchell, Scott A. and Patney, Anjul and Davidson, Andrew A. and Owens, John D.",
  title = "A Simple Algorithm for Maximal Poisson-Disk Sampling in High Dimensions",
  journal = "Computer Graphics Forum",
  volume = "31",
  number = "2pt4",
  pages = "785-794",
  year = "2012"
}

@article{needleman_1992,
  Author = "Needleman, A.",
  Date-Added = "2015-01-27 21:50:37 +0000",
  Date-Modified = "2015-01-27 21:51:29 +0000",
  Journal = "Ultramicroscopy",
  Pages = "203-214",
  Title = "Micromechanical modelling of interfacial decohesion",
  Volume = "40",
  Year = "1992"
}

@article{ortiz_1999,
  Author = "Ortiz, M. and Pandolfi, A.",
  Date-Added = "2015-01-27 21:47:28 +0000",
  Date-Modified = "2015-01-27 21:52:29 +0000",
  Journal = "International Journal for Numerical Methods in Engineering",
  Pages = "1267-1282",
  Title = "Finite-deformation irreversible cohesive element for three-dimensional crack-propagation analysis",
  Volume = "44",
  Year = "1999"
}

@article{slaughter2021continuous,
  author = "Slaughter, Andrew E and Permann, Cody J and Miller, Jason M and Alger, Brian K and Novascone, Stephen R",
  title = "Continuous Integration, In-Code Documentation, and Automation for Nuclear Quality Assurance Conformance",
  journal = "Nuclear Technology",
  pages = "1--8",
  year = "2021",
  publisher = "Taylor \ Francis"
}

@article{govers_2007,
  Author = "Govers, K.",
  Date-Added = "2014-10-19 18:09:43 +0000",
  Date-Modified = "2014-10-19 18:11:01 +0000",
  Journal = "Journal of Nuclear Materials",
  Pages = "161-177",
  Title = "Comparison of interatomic potentials for {UO$\_2$}",
  Volume = "366",
  Year = "2007"
}

@manual{moose_inl,
  Title = "MOOSE: Multiphysics Object Oriented Simulation Environment",
  Address = "URL: http://mooseframework.org/",
  Date-Added = "2014-10-06 01:32:14 +0000",
  Date-Modified = "2014-10-13 17:11:33 +0000",
  Organization = "Idaho National Lab., USA",
  Year = "2014"
}

@article{amor_2009,
  Author = "Amor, H. and Marigo, J. J. and Maurini, C.",
  Date-Added = "2014-10-06 01:25:34 +0000",
  Date-Modified = "2014-10-06 01:27:32 +0000",
  Journal = "Journal of the Mechanics and Physics of Solids",
  Number = "8",
  Pages = "1209-1229",
  Title = "Regularized formulation of the variational brittle fracture with unilateral contact: Numerical experiments",
  Volume = "57",
  Year = "2009"
}

@article{spatschek_2007,
  Author = "Spatschek, R. and Gugenberger, C. M. and Brener, E.",
  Date-Added = "2014-10-06 01:24:41 +0000",
  Date-Modified = "2014-10-06 01:25:32 +0000",
  Journal = "Physical Review E",
  Pages = "066111",
  Title = "Phase field modeling of fracture and stress-induced phase transitions",
  Volume = "75",
  Year = "2007"
}

@article{henry_2004,
  Author = "Henry, H. and Levine, H.",
  Date-Added = "2014-10-06 01:23:26 +0000",
  Date-Modified = "2014-10-06 01:24:14 +0000",
  Journal = "Physical Review Letters",
  Number = "10",
  Pages = "105504",
  Title = "Dynamic Instabilities of Fracture under Biaxial Strain Using a Phase Field Model",
  Volume = "93",
  Year = "2004"
}

@article{oguma_1982,
  Author = "Oguma, M.",
  Date-Added = "2014-10-06 00:57:13 +0000",
  Date-Modified = "2014-10-06 00:58:14 +0000",
  Journal = "Journal of Nuclear Science and Technology",
  Number = "12",
  Pages = "1005-1014",
  Title = "Microstructure effects on fracture strength of {UO$\_2$} fuel pellets",
  Volume = "19",
  Year = "1982"
}

@article{evans_1969,
  Author = "Evans, A. G. and Davidge, R. W.",
  Date-Added = "2014-10-06 00:50:17 +0000",
  Date-Modified = "2014-10-06 00:51:36 +0000",
  Journal = "Journal of Nuclear Materials",
  Pages = "249-260",
  Title = "The strength and fracture of stoichiometric polycrystalline {UO$\_2$}",
  Volume = "33",
  Year = "1969"
}

@article{babuaka1997,
  author = "BABU\v{S}KA, I. and MELENK, J. M.",
  title = "THE PARTITION OF UNITY METHOD",
  journal = "International Journal for Numerical Methods in Engineering",
  volume = "40",
  number = "4",
  pages = "727-758",
  keywords = "finite element method, meshless finite element method, finite element methods for highly oscillatory solutions",
  year = "1997"
}

@article{Dolbow99,
  author = {Mo\"es, Nicolas and Dolbow, John and Belytschko, Ted},
  title = "A finite element method for crack growth without remeshing",
  journal = "International Journal for Numerical Methods in Engineering",
  volume = "46",
  number = "1",
  publisher = "John Wiley \ Sons, Ltd.",
  issn = "1097-0207",
  pages = "131--150",
  year = "1999"
}

@article{KAMAYA2007,
  author = "Kamaya, Masayuki and Kawamura, Yoshihiro and Kitamura, Takayuki",
  title = "Three-dimensional local stress analysis on grain boundaries in polycrystalline material",
  journal = "International Journal of Solids and Structures",
  volume = "44",
  number = "10",
  pages = "3267 - 3277",
  year = "2007",
  issn = "0020-7683"
}

@article{KAMAYA2009,
  author = "Kamaya, Masayuki and Itakura, Mitsuhiro",
  title = "Simulation for intergranular stress corrosion cracking based on a three-dimensional polycrystalline model",
  journal = "Engineering Fracture Mechanics",
  volume = "76",
  number = "3",
  pages = "386 - 401",
  year = "2009",
  issn = "0013-7944"
}

@Article{Diehl2017,
  author = "Diehl, Martin and Wicke, Marcel and Shanthraj, Pratheek and Roters, Franz and Brueckner-Foit, Angelika and Raabe, Dierk",
  title = "Coupled Crystal Plasticity--Phase Field Fracture Simulation Study on Damage Evolution Around a Void: Pore Shape Versus Crystallographic Orientation",
  journal = "JOM",
  year = "2017",
  month = "May",
  day = "01",
  volume = "69",
  number = "5",
  pages = "872--878"
}

@article{HODKIN19807,
  author = "Hodkin, E.N.",
  title = "The ratio of grain boundary energy to surface energy of nuclear ceramics as determined from pore geometries",
  journal = "Journal of Nuclear Materials",
  volume = "88",
  number = "1",
  pages = "7 - 14",
  year = "1980",
  issn = "0022-3115"
}

@article{REYNOLDS1971112,
  author = "Reynolds, G.L. and Beeré, W.B. and Sawbridge, P.T.",
  title = "The effect of fission products on the ratio of grain-boundary energy to surface energy in irradiated uranium dioxide",
  journal = "Journal of Nuclear Materials",
  volume = "41",
  number = "1",
  pages = "112 - 114",
  year = "1971",
  issn = "0022-3115"
}

@article{boyce2014sandia,
  author = "Boyce, Brad L and Kramer, Sharlotte LB and Fang, H Eliot and Cordova, Theresa E and Neilsen, Michael K and Dion, K and Kaczmarowski, Amy K and Karasz, Erin and Xue, Liang and Gross, Andrew J and others",
  title = "The Sandia Fracture Challenge: blind round robin predictions of ductile tearing",
  journal = "International Journal of Fracture",
  volume = "186",
  number = "1-2",
  pages = "5--68",
  year = "2014",
  publisher = "Springer"
}

@phdthesis{guo2013experimental,
  author = "Guo, Junhang",
  title = "An experimental and numerical investigation on damage evolution and ductile fracture mechanism of aluminum alloy",
  year = "2013",
  school = "PhD dissertation, The University of Tokushima"
}

@article{yin2020ductile,
  author = "Yin, Bo and Kaliske, Michael",
  title = "A ductile phase-field model based on degrading the fracture toughness: Theory and implementation at small strain",
  journal = "Computer Methods in Applied Mechanics and Engineering",
  volume = "366",
  pages = "113068",
  year = "2020",
  publisher = "Elsevier"
}

@article{kubik2019ductile,
author = "Kub{\'\i}k, Petr and {\v{S}}ebek, Franti{\v{s}}ek and Zapletal, Josef and Petru{\v{s}}ka, Jind{\v{r}}ich and N{\'a}vrat, Tom{\'a}{\v{s}}",
title = "Ductile Failure Predictions for the Three-Point Bending Test of a Complex Geometry Made From Aluminum Alloy",
journal = "Journal of Engineering Materials and Technology",
volume = "141",
number = "4",
year = "2019",
publisher = "American Society of Mechanical Engineers Digital Collection"
}

@article{kubik2018notched,
author = "Kub{\'\i}k, Petr and {\v{S}}ebek, Franti{\v{s}}ek and Petru{\v{s}}ka, Jind{\v{r}}ich",
title = "Notched specimen under compression for ductile failure criteria",
journal = "Mechanics of Materials",
volume = "125",
pages = "94--109",
year = "2018",
publisher = "Elsevier"
}

@incollection{alessi_comparison_2017,
author = "Alessi, R. and Ambati, M. and Gerasimov, T. and Vidoli, S. and De Lorenzis, L.",
title = "Comparison of {Phase}-{Field} {Models} of {Fracture} {Coupled} with {Plasticity}",
volume = "46",
isbn = "978-3-319-60885-3",
booktitle = "Advances in {Computational} {Plasticity}: {A} {Book} in {Honour} of {D}. {Roger} {J}. {Owen}",
publisher = "Springer International Publishing",
month = "September",
year = "2017",
pages = "443",
file = "Advances\_in\_Computational\_Plasticity\_A\_Book\_in\_Hon...\_----\_(Comparison\_of\_Phase-Field\_Models\_of\_Fracture\_Coupled\_with\_Plasticity).pdf:/Users/btalami/Documents/References/Advances\_in\_Computational\_Plasticity\_A\_Book\_in\_Hon...\_----\_(Comparison\_of\_Phase-Field\_Models\_of\_Fracture\_Coupled\_with\_Plasticity).pdf:application/pdf"
}

@article{alessi_gradient_2014,
author = "Alessi, Roberto and Marigo, Jean-Jacques and Vidoli, Stefano",
title = "Gradient {Damage} {Models} {Coupled} with {Plasticity} and {Nucleation} of {Cohesive} {Cracks}",
volume = "214",
issn = "0003-9527, 1432-0673",
language = "en",
number = "2",
journal = "Archive for Rational Mechanics and Analysis",
month = "November",
year = "2014",
pages = "575--615",
file = "s00205-014-0763-8.pdf:/Users/btalami/Documents/References/s00205-014-0763-8.pdf:application/pdf"
}

@article{alessi_gradient_2015,
  author = "Alessi, Roberto and Marigo, Jean-Jacques and Vidoli, Stefano",
  title = "Gradient damage models coupled with plasticity: Variational formulation and main properties",
  journal = "Mechanics of Materials",
  year = "2015",
  pages = "351--367"
}

@article{alessi_coupling_2018,
author = "Alessi, Roberto and Marigo, Jean-Jacques and Maurini, Corrado and Vidoli, Stefano",
title = "Coupling damage and plasticity for a phase-field regularisation of brittle, cohesive and ductile fracture: {One}-dimensional examples",
volume = "149",
issn = "0020-7403",
journal = "International Journal of Mechanical Sciences",
month = "December",
year = "2018",
keywords = "Ductile fracture, Phase-field, Cohesive fracture, Variational methods",
pages = "559--576"
}

@article{ambati_phase-field_2015,
  author = "Ambati, M. and Gerasimov, T. and Lorenzis, L. De",
  title = "Phase-field modeling of ductile fracture",
  volume = "55",
  issn = "0178-7675, 1432-0924",
  language = "en",
  number = "5",
  journal = "Computational Mechanics",
  month = "May",
  year = "2015",
  pages = "1017--1040"
}

@article{miehe_phase_2016,
author = "Miehe, Christian and Aldakheel, Fadi and Raina, Arun",
title = "Phase field modeling of ductile fracture at finite strains: {A} variational gradient-extended plasticity-damage theory",
volume = "84",
issn = "0749-6419",
shorttitle = "Phase field modeling of ductile fracture at finite strains",
journal = "International Journal of Plasticity",
month = "September",
year = "2016",
keywords = "Phase field modeling, A. Crack Propagation and Arrest, B. Elastic-Viscoplastic Material, B. Finite Strain, C. Variational Calculus",
pages = "1--32"
}

@incollection{borden_phase-field_2017,
author = "Borden, Michael J. and Hughes, Thomas J. R. and Landis, Chad M. and Anvari, Amin and Lee, Isaac J.",
title = "Phase-{Field} {Formulation} for {Ductile} {Fracture}",
volume = "46",
isbn = "978-3-319-60885-3",
language = "English",
booktitle = "Advances in {Computational} {Plasticity}: {A} {Book} in {Honour} of {D}. {Roger} {J}. {Owen}",
publisher = "Springer International Publishing",
month = "September",
year = "2017",
pages = "443"
}

@article{ortiz_variational_1999,
  author = "Ortiz, M. and Stainier, L.",
  title = "The variational formulation of viscoplastic constitutive updates",
  volume = "171",
  issn = "0045-7825",
  number = "3",
  journal = "Computer Methods in Applied Mechanics and Engineering",
  month = "April",
  year = "1999",
  pages = "419--444"
}

@article{pham2013onset,
  author = "Pham, Kim and Marigo, Jean-Jacques",
  title = "From the onset of damage to rupture: construction of responses with damage localization for a general class of gradient damage models",
  journal = "Continuum Mechanics and Thermodynamics",
  volume = "25",
  number = "2-4",
  pages = "147--171",
  year = "2013",
  publisher = "Springer"
}

@article{vo2020molecular,
  author = "Vo, Truong and He, Bang and Blum, Michael and Damone, Angelo and Newell, Pania",
  title = "Molecular scale insight of pore morphology relation with mechanical properties of amorphous silica using ReaxFF",
  journal = "Computational Materials Science",
  volume = "183",
  pages = "109881",
  year = "2020",
  publisher = "Elsevier"
}

@article{chowdhury2019effects,
  author = "Chowdhury, Sanjib C and Wise, Ethan A and Ganesh, Raja and Gillespie Jr, John W",
  title = "Effects of surface crack on the mechanical properties of Silica: A molecular dynamics simulation study",
  journal = "Engineering Fracture Mechanics",
  volume = "207",
  pages = "99--108",
  year = "2019",
  publisher = "Elsevier"
}

@article{rodriguez2016silica,
  author = "Rodriguez, Omar and Matinmanesh, Ali and Phull, Sunjeev and Schemitsch, Emil H and Zalzal, Paul and Clarkin, Owen M and Papini, Marcello and Towler, Mark R",
  title = "Silica-based and borate-based, titania-containing bioactive coatings characterization: critical strain energy release rate, residual stresses, hardness, and thermal expansion",
  journal = "Journal of functional biomaterials",
  volume = "7",
  number = "4",
  pages = "32",
  year = "2016",
  publisher = "Multidisciplinary Digital Publishing Institute"
}

@article{miehe2015phase,
  author = {Miehe, Christian and Hofacker, M and Sch{\"a}nzel, L-M and Aldakheel, Fadi},
  title = "Phase field modeling of fracture in multi-physics problems. Part II. Coupled brittle-to-ductile failure criteria and crack propagation in thermo-elastic--plastic solids",
  journal = "Computer Methods in Applied Mechanics and Engineering",
  volume = "294",
  pages = "486--522",
  year = "2015",
  publisher = "Elsevier"
}

@article{ambati2016phase,
  author = "Ambati, Marreddy and Kruse, Roland and De Lorenzis, Laura",
  title = "A phase-field model for ductile fracture at finite strains and its experimental verification",
  journal = "Computational Mechanics",
  volume = "57",
  number = "1",
  pages = "149--167",
  year = "2016",
  publisher = "Springer"
}

@article{brandon2020cohesive,
  author = "Talamini, Brandon and Tupek, Michael R. and Stershic, Andrew J. and Hu, Tianchen and Foulk III, James W. and Ostien, Jakob T. and Dolbow, John E.",
  title = "Attaining regularization length insensitivity in ductile failure with a variational phase-field model of cohesive fracture",
  journal = "Computer Methods in Applied Mechanics and Engineering",
  year = "2021",
  publisher = "Elsevier"
}

@book{dal2012introduction,
  author = "Dal Maso, Gianni",
  title = "An introduction to $\Gamma$-convergence",
  volume = "8",
  year = "2012",
  publisher = "Springer Science \ Business Media"
}

@article{yang2006variational,
  author = "Yang, Qiang and Stainier, Laurent and Ortiz, Michael",
  title = "A variational formulation of the coupled thermo-mechanical boundary-value problem for general dissipative solids",
  journal = "Journal of the Mechanics and Physics of Solids",
  volume = "54",
  number = "2",
  pages = "401--424",
  year = "2006",
  publisher = "Elsevier"
}

@article{Rodriguez2006,
  author = "Rodriguez, R",
  title = "Hydrogeotechnical characterization of a metallurgical waste",
  journal = "Canadian Geotechnical Journal",
  volume = "43",
  number = "10",
  pages = "1042-1060",
  year = "2006"
}

@article{Landis-fatigue,
  author = "Lo, Yu-Sheng and Borden, Michael and Ravi-Chandar, K. and Landis, Chad M.",
  title = "A phase-field model for fatigue crack growth",
  journal = "Journal of the Mechanics and Physics of Solids",
  volume = "132",
  number = "103684",
  year = "2019"
}

@article{Peco2019,
  author = "Peco, C. and Liu, Y. and Rhea, C. and Dolbow, J.E.",
  title = "Models and simulations of surfactant-driven fracture in particle rafts",
  journal = "International Journal of Solids and Structures",
  volume = "156",
  pages = "194--209",
  year = "2019"
}

@article{el2009methodology,
  author = "El-Badawy, Sherif M and Jeong, Myung Goo and El-Basyouny, Mohamed",
  title = "Methodology to predict alligator fatigue cracking distress based on asphalt concrete dynamic modulus",
  journal = "Transportation Research Record",
  volume = "2095",
  number = "1",
  pages = "115--124",
  year = "2009",
  publisher = "SAGE Publications Sage CA: Los Angeles, CA"
}

@article{el2005calibration,
  author = "El-Basyouny, Mohamed M and Witczak, Matthew",
  title = "Calibration of alligator fatigue cracking model for 2002 design guide",
  journal = "Transportation research record",
  volume = "1919",
  number = "1",
  pages = "76--86",
  year = "2005",
  publisher = "SAGE Publications Sage CA: Los Angeles, CA"
}

@inproceedings{saar2010automatic,
  author = "Saar, T and Talvik, O",
  title = "Automatic asphalt pavement crack detection and classification using neural networks",
  booktitle = "2010 12th Biennial Baltic Electronics Conference",
  pages = "345--348",
  year = "2010",
  organization = "IEEE"
}

@article{button2007guidelines,
  author = "Button, Joe W and Lytton, Robert L",
  title = "Guidelines for using geosynthetics with hot-mix asphalt overlays to reduce reflective cracking",
  journal = "Transportation Research Record",
  volume = "2004",
  number = "1",
  pages = "111--119",
  year = "2007",
  publisher = "SAGE Publications Sage CA: Los Angeles, CA"
}

@manual{yildirim2006field,
  author = "Yildirim, Yetkin and Qatan, Ahmed and Prozzi, Jorge and others",
  title = "Field manual for crack sealing in asphalt pavements.",
  year = "2006",
  publisher = "Texas. Dept. of Transportation. Research and Technology Implementation Office"
}

@article{michel20083d,
author = "Michel, Bruno and Sercombe, J{\'e}r{\^o}me and Thouvenin, Gilles and Chatelet, R{\'e}my",
title = "3D fuel cracking modelling in pellet cladding mechanical interaction",
journal = "Engineering fracture mechanics",
volume = "75",
number = "11",
pages = "3581--3598",
year = "2008",
publisher = "Elsevier"
}

@article{roberts1977pellet,
  author = "Roberts, JTA and Smith, E and Fuhrman, N and Cubicciotti, D",
  title = "On the pellet-cladding interaction phenomenon",
  journal = "Nuclear Technology",
  volume = "35",
  number = "1",
  pages = "131--144",
  year = "1977",
  publisher = "Taylor \ Francis"
}

@article{jernkvist1995model,
  author = "Jernkvist, Lars Olof",
  title = "A model for predicting pellet-cladding interaction-induced fuel rod failure",
  journal = "Nuclear engineering and design",
  volume = "156",
  number = "3",
  pages = "393--399",
  year = "1995",
  publisher = "Elsevier"
}

@techreport{billone2008cladding,
  author = "Billone, Michael and Yan, Yong and Burtseva, Tatiana and Daum, Robert and others",
  title = "Cladding embrittlement during postulated loss-of-coolant accidents.",
  year = "2008",
  institution = "Argonne National Lab.(ANL), Argonne, IL (United States)"
}

@article{nagase2004effect,
  author = "Nagase, Fumihisa and Fuketa, Toyoshi",
  title = "Effect of pre-hydriding on thermal shock resistance of Zircaloy-4 cladding under simulated loss-of-coolant accident conditions",
  journal = "Journal of nuclear science and technology",
  volume = "41",
  number = "7",
  pages = "723--730",
  year = "2004",
  publisher = "Taylor \& Francis"
}

@incollection{hutchinson1991mixed,
  author = "Hutchinson, John W and Suo, Zhigang",
  title = "Mixed mode cracking in layered materials",
  booktitle = "Advances in applied mechanics",
  volume = "29",
  pages = "63--191",
  year = "1991",
  publisher = "Elsevier"
}

@article{BEUTH19921657,
  author = "Beuth, J.L.",
  title = "Cracking of thin bonded films in residual tension",
  journal = "International Journal of Solids and Structures",
  volume = "29",
  number = "13",
  pages = "1657 - 1675",
  year = "1992",
  issn = "0020-7683"
}

@article{xia2000crack,
  author = "Xia, Z Cedric and Hutchinson, John W",
  title = "Crack patterns in thin films",
  journal = "Journal of the Mechanics and Physics of Solids",
  volume = "48",
  number = "6-7",
  pages = "1107--1131",
  year = "2000",
  publisher = "Elsevier"
}

@article{yin2008explicit,
  author = "Yin, HM and Paulino, GH and Buttlar, William G",
  title = "An explicit elastic solution for a brittle film with periodic cracks",
  journal = "International Journal of Fracture",
  volume = "153",
  number = "1",
  pages = "39",
  year = "2008",
  publisher = "Springer"
}

@article{crosby1997fragmentation,
  author = "Crosby, Kevin M and Bradley, R Mark",
  title = "Fragmentation of thin films bonded to solid substrates: Simulations and a mean-field theory",
  journal = "Physical Review E",
  volume = "55",
  number = "5",
  pages = "6084",
  year = "1997",
  publisher = "APS"
}

@article{leung2000pattern,
  author = "Leung, Kwan-tai and N{\'e}da, Zoltan",
  title = "Pattern formation and selection in quasistatic fracture",
  journal = "Physical review letters",
  volume = "85",
  number = "3",
  pages = "662",
  year = "2000",
  publisher = "APS"
}

@article{sadhukhan2011crack,
  author = "Sadhukhan, Supti and Dutta, Tapati and Tarafdar, Sujata",
  title = "Crack formation in composites through a spring model",
  journal = "Physica A: Statistical Mechanics and its Applications",
  volume = "390",
  number = "4",
  pages = "731--740",
  year = "2011",
  publisher = "Elsevier"
}

@article{sanchez2014modeling,
author = "S{\'a}nchez, Marcelo and Manzoli, Osvaldo L and Guimar{\textasciitilde a}es, Leonardo JN",
title = "Modeling 3-D desiccation soil crack networks using a mesh fragmentation technique",
journal = "Computers and Geotechnics",
volume = "62",
pages = "27--39",
year = "2014",
publisher = "Elsevier"
}

@article{zhang2017modeling,
  author = "Zhang, Jingwen and Lu, Yuyang and He, Linghui and Yang, Lizhong and Ni, Yong",
  title = "Modeling progressive interfacial debonding of a mud-crack film on elastic substrates",
  journal = "Engineering Fracture Mechanics",
  volume = "177",
  pages = "123--132",
  year = "2017",
  publisher = "Elsevier"
}

@article{bourdin2008variational,
  author = "Bourdin, Blaise and Francfort, Gilles A and Marigo, Jean-Jacques",
  title = "The variational approach to fracture",
  journal = "Journal of elasticity",
  volume = "91",
  number = "1-3",
  pages = "5--148",
  year = "2008",
  publisher = "Springer"
}

@article{liang2003evolving,
  author = "Liang, J and Huang, R and Prevost, Jean-Herve and Suo, Z",
  title = "Evolving crack patterns in thin films with the extended finite element method",
  journal = "International Journal of Solids and Structures",
  volume = "40",
  number = "10",
  pages = "2343--2354",
  year = "2003",
  publisher = "Elsevier"
}

@article{sukumar2003modeling,
  author = "Sukumar, N and Pr{\'e}vost, J-H",
  title = "Modeling quasi-static crack growth with the extended finite element method Part I: Computer implementation",
  journal = "International journal of solids and structures",
  volume = "40",
  number = "26",
  pages = "7513--7537",
  year = "2003",
  publisher = "Elsevier"
}

@article{huang2003modeling,
  author = "Huang, Rui and Sukumar, N and Pr{\'e}vost, J-H",
  title = "Modeling quasi-static crack growth with the extended finite element method Part II: Numerical applications",
  journal = "International Journal of Solids and Structures",
  volume = "40",
  number = "26",
  pages = "7539--7552",
  year = "2003",
  publisher = "Elsevier"
}

@article{wu2016thermodynamically,
  author = "Wu, Jian-Ying and Cervera, Miguel",
  title = "A thermodynamically consistent plastic-damage framework for localized failure in quasi-brittle solids: Material model and strain localization analysis",
  journal = "International Journal of Solids and Structures",
  volume = "88",
  pages = "227--247",
  year = "2016",
  publisher = "Elsevier"
}

@article{strobl2016constitutive,
  author = "Strobl, Michael and Seelig, Thomas",
  title = "On constitutive assumptions in phase field approaches to brittle fracture",
  journal = "Procedia Structural Integrity",
  volume = "2",
  pages = "3705--3712",
  year = "2016",
  publisher = "Elsevier"
}

@article{strobl2015novel,
  author = "Strobl, Michael and Seelig, Thomas",
  title = "A novel treatment of crack boundary conditions in phase field models of fracture",
  journal = "Pamm",
  volume = "15",
  number = "1",
  pages = "155--156",
  year = "2015",
  publisher = "Wiley Online Library"
}

@article{fei2019phase,
  author = "Fei, Fan and Choo, Jinhyun",
  title = "A phase-field method for modeling cracks with frictional contact",
  journal = "arXiv preprint arXiv:1905.10547",
  year = "2019"
}

@misc{fei2020phasefield,
  author = "Fei, Fan and Choo, Jinhyun",
  title = "A phase-field model of geologic shear fracture",
  year = "2020",
  eprint = "2003.04779",
  archivePrefix = "arXiv",
  primaryClass = "physics.geo-ph"
}

@book{obrzud2010hardening,
  author = "Obrzud, R",
  title = "The hardening soil model: A practical guidebook",
  year = "2010",
  publisher = "Zace Services"
}

@article{nakahara2018mechanism,
  author = "Nakahara, Akio and Hiraoka, Tomoki and Hayashi, Rokuya and Matsuo, Yousuke and Kitsunezaki, So",
  title = "Mechanism of memory effect of paste which dominates desiccation crack patterns",
  journal = "Philosophical Transactions of the Royal Society A",
  volume = "377",
  number = "2136",
  pages = "20170395",
  year = "2018",
  publisher = "The Royal Society Publishing"
}

@article{kitsunezaki2017memory,
  author = "Kitsunezaki, So and Sasaki, Arina and Nishimoto, Akihiro and Mizuguchi, Tsuyoshi and Matsuo, Yousuke and Nakahara, Akio",
  title = "Memory effect and anisotropy of particle arrangements in granular paste",
  journal = "The European Physical Journal E",
  volume = "40",
  number = "10",
  pages = "88",
  year = "2017",
  publisher = "Springer"
}

@article{halasz2017effect,
author = "Hal{\'a}sz, Zolt{\'a}n and Nakahara, Akio and Kitsunezaki, So and Kun, Ferenc",
title = "Effect of disorder on shrinkage-induced fragmentation of a thin brittle layer",
journal = "Physical Review E",
volume = "96",
number = "3",
pages = "033006",
year = "2017",
publisher = "APS"
}

@article{kitsunezaki2017stress,
  author = "Kitsunezaki, So and Matsuo, Yousuke and Nakahara, Akio",
  title = "Stress development up to crack formation in drying paste",
  journal = "Journal of Chemical Engineering of Japan",
  volume = "50",
  number = "10",
  pages = "775--779",
  year = "2017",
  publisher = "The Society of Chemical Engineers, Japan"
}

@article{kitsunezaki2016shaking,
  author = "Kitsunezaki, So and Nakahara, Akio and Matsuo, Yousuke",
  title = "Shaking-induced stress anisotropy in the memory effect of paste",
  journal = "EPL (Europhysics Letters)",
  volume = "114",
  number = "6",
  pages = "64002",
  year = "2016",
  publisher = "IOP Publishing"
}

@article{ramsaroop2010fracture,
  author = "Ramsaroop, A and Kanny, K and Mohan, TP",
  title = "Fracture toughness studies of polypropylene-clay nanocomposites and glass fibre reinfoerced polypropylene composites",
  journal = "Materials Sciences and Applications",
  volume = "1",
  number = "05",
  pages = "301",
  year = "2010",
  publisher = "Citeseer"
}

@article{Moran1969,
  author = "Moran, Patrick",
  title = "Statistical inference with bivariate gamma distributions",
  journal = "BiometrikaTrust",
  year = "1969",
  volume = "56",
  pages = "627--634"
}

@article{Grigoriu2009,
  author = "Grigoriu, Mircea",
  title = "Existence and construction of translation models for stationary non-Gaussian processes",
  journal = "Probabilistic Engineering Mechanics",
  year = "2009",
  volume = "24",
  pages = "545--551"
}

@article{Jaynes1957a,
  author = "Jaynes, {E.T.}",
  title = "Information Theory and statistical mechanics I",
  year = "1957",
  journal = "Physical Review",
  volume = "106",
  number = "4",
  pages = "620--630"
}

@article{Jaynes1957b,
  author = "Jaynes, {E.T.}",
  title = "Information Theory and statistical mechanics II",
  year = "1957",
  journal = "Physical Review",
  volume = "108",
  number = "2",
  pages = "171--190"
}

@article{Shannon1948a,
  author = "Shannon, {C.E.}",
  title = "A mathematical theory of communication",
  year = "1948",
  journal = "Bell System Technical Journal",
  volume = "27",
  number = "3",
  pages = "379--423"
}

@article{Shannon1948b,
  author = "Shannon, {C.E.}",
  title = "A mathematical theory of communication",
  year = "1948",
  journal = "Bell System Technical Journal",
  volume = "27",
  number = "4",
  pages = "623--656"
}

@book{Balakrishnan2009,
  author = "Balakrishnan, N. and Lai, C.-D.",
  title = "Continuous Bivariate Distributions",
  year = "2009",
  publisher = "Springer-Verlag New York"
}

@book{GhanemSpanos,
  author = "Ghanem, R. G. and Spanos, P. D.",
  title = "Stochastic Finite Elements: A Spectral Approach (Revised Edition)",
  year = "2003",
  publisher = "Dover"
}

@book{LMK2010,
  author = "Le Maitre, O. and Knio, O.",
  title = "Spectral Methods for Uncertainty Quantification",
  year = "2010",
  publisher = "Springer Netherlands"
}

@article{rodriguez2007experimental,
author = "Rodr{\'\i}guez, R and Sanchez, Marcelo and Ledesma, A and Lloret, A",
title = "Experimental and numerical analysis of desiccation of a mining waste",
journal = "Canadian Geotechnical Journal",
volume = "44",
number = "6",
pages = "644--658",
year = "2007",
publisher = "NRC Research Press"
}

@article{lakshmikantha2009image,
  author = "Lakshmikantha, MR and Prat, PC and Ledesma, A",
  title = "Image analysis for the quantification of a developing crack network on a drying soil",
  journal = "Geotechnical Testing Journal",
  volume = "32",
  number = "6",
  pages = "505--515",
  year = "2009",
  publisher = "ASTM International"
}

@article{Hun2019,
  author = "Hun, Darith-Anthony and Guilleminot, Johann and Yvonnet, Julien and Bornert, Michel",
  title = "Stochastic multiscale modeling of crack propagation in random heterogeneous media",
  journal = "International Journal for Numerical Methods in Engineering",
  volume = "119",
  number = "13",
  pages = "1325--1344",
  year = "2019"
}

@article{Acton2018,
  author = "Acton, Katherine A. and Baxter, Sarah C. and Bahmani, Bahador and Clarke, Philip L. and Abedi, Reza",
  title = "Voronoi tessellation based statistical volume element characterization for use in fracture modeling",
  journal = "Computer Methods in Applied Mechanics and Engineering",
  volume = "336",
  pages = "135 -- 155",
  year = "2018"
}

@Article{lee2017iterative,
  title={Iterative coupling of flow, geomechanics and adaptive phase-field fracture including level-set crack width approaches},
  author={Lee, Sanghyun and Wheeler, Mary F and Wick, Thomas},
  journal={Journal of Computational and Applied Mathematics},
  volume={314},
  pages={40--60},
  year={2017},
  publisher={Elsevier}
}

@Article{he2018modeling,
  title={Modeling hydraulic cracks and inclusion interaction using XFEM},
  author={He, Bo and Zhuang, Xiaoying},
  journal={Underground Space},
  volume={3},
  number={3},
  pages={218--228},
  year={2018},
  publisher={Elsevier}
}

@Article{Wick-adaptive-2020,
  title={pfm-cracks: A parallel-adaptive framework for phase-field fracture propagation},
  author={Heister, Timo and Wick, Thomas},
  journal={Software Impacts},
  volume={6},
  pages={100045},
  year={2020}
}

@Article{Gupta-adaptive-2022,
  title={An adaptive mesh refinement algorithm for phase-field fracture models: Application to brittle, cohesive, and dynamic fracture},
  author={Gupta, Abhinav and Krishnan, U.\ Meenu and Mandal, Tushar Kanti and Chowdhury, Rajib and Nguyen, Vinh Phu},
  journal={Comput. Methods Appl. Mech. Engrg.},
  volume={399},
  pages={115347},
  year={2022}
}

@Article{jang2020analysis,
  title={Analysis of Hydraulic Fracture Propagation Using a Mixed Mode and a Uniaxial Strain Model considering Geomechanical Properties in a Naturally Fractured Shale Reservoir},
  author={Jang, Youngho and Park, Gayoung and Kwon, Seoyoon and Min, Baehyun},
  journal={Geofluids},
  volume={2020},
  year={2020},
  publisher={Hindawi}
}

@Article{grossman2019algorithm,
  title={An algorithm for the simulation of curvilinear plane-strain and axisymmetric hydraulic fractures with lag using the universal meshes},
  author={Grossman-Ponemon, Benjamin E and Lew, Adrian J},
  journal={Int. J. Numer. Anal. Methods Geomech.},
  volume={43},
  number={6},
  pages={1251--1278},
  year={2019},
  publisher={Wiley Online Library}
}

@Article{10.1115/1.3656897,
    author = {Erdogan, F. and Sih, G. C.},
    title = "{On the Crack Extension in Plates Under Plane Loading and Transverse Shear}",
    journal = {Jour. of Basic Eng.},
    volume = {85},
    number = {4},
    pages = {519-525},
    year = {1963},
    month = {12},
    issn = {0021-9223}
}

@Article{williams1972fracture,
  title={Fracture under complex stress—the angled crack problem},
  author={Williams, JG and Ewing, PD},
  journal={Int. J. of Frac. Mech.},
  volume={8},
  number={4},
  pages={441--446},
  year={1972},
  publisher={Springer}
}

@Article{finnie1973note,
  title={A note on the angled crack problem and the directional stability of cracks},
  author={Finnie, I and Saith, A},
  journal={Int. J. of Fracture},
  volume={9},
  number={4},
  pages={484--486},
  year={1973},
  publisher={Springer}
}

@Article{ewing1976further,
  title={Further results on the angled crack problem},
  author={Ewing, PD and Swedlow, JL and Williams, JG},
  journal={Int. J. of Fracture},
  volume={12},
  number={1},
  pages={85--93},
  year={1976},
  publisher={Springer}
}

@Article{cotterell1965brittle,
  title={On brittle fracture paths},
  author={Cotterell, B},
  journal={Int. J. of Frac. Mech.},
  volume={1},
  number={2},
  pages={96--103},
  year={1965},
  publisher={Springer}
}


@inproceedings{hussain1974strain,
  title={Strain Energy Release Rate for},
  author={Hussain, MA and Pu, L and Underwood, J},
  booktitle={Proceedings of the 1973 National Symposium on Fracture Mechanics, University of Maryland, College Park, Md., 27-29 Aug. 1973},
  volume={559},
  pages={2},
  year={1974}
}

@Article{tamayo2015medial,
  title={A medial-axis-based model for propagating cracks in a regularised bulk},
  author={Tamayo-Mas, Elena and Rodr{\'\i}guez-Ferran, Antonio},
  journal={Internat. J. Numer. Methods Engrg.},
  volume={101},
  number={7},
  pages={489--520},
  year={2015},
  publisher={Wiley Online Library}
}

@Article{shauer2022three,
  author    = {Shauer, N. and Duarte, C. A.},
  title     = {A three-dimensional {G}eneralized {F}inite {E}lement {M}ethod for simultaneous propagation of multiple hydraulic fractures from a wellbore},
  pages     = {108360},
  volume    = {265},
  journal   = {Eng. Fract. Mech.},
  publisher = {Elsevier},
  year      = {2022},
}

@Article{wick2017modified,
  author    = {Wick, T.},
  title     = {Modified Newton methods for solving fully monolithic phase-field quasi-static brittle fracture propagation},
  pages     = {577--611},
  volume    = {325},
  journal   = {Comput. Methods Appl. Mech. Engrg.},
  publisher = {Elsevier},
  year      = {2017},
}

@Article{farrell2017linear,
  author    = {Farrell, P. and Maurini, C.},
  title     = {Linear and nonlinear solvers for variational phase-field models of brittle fracture},
  number    = {5},
  pages     = {648--667},
  volume    = {109},
  journal   = {Internat. J. Numer. Methods Engrg.},
  publisher = {Wiley Online Library},
  year      = {2017},
}

@Article{mcclure2018resfrac,
  author  = {McClure, M. and Kang, C. and Medam, S. and Hewson, C.},
  title   = {Res{F}rac technical writeup},
  journal = {arXiv preprint arXiv:1804.02092},
  year    = {2018},
}

@Article{isida1973analysis,
  author    = {Isida, M.},
  title     = {Analysis of stress intensity factors for the tension of a centrally cracked strip with stiffened edges},
  number    = {3},
  pages     = {647--665},
  volume    = {5},
  journal   = {Eng. Fract. Mech.},
  publisher = {Elsevier},
  year      = {1973},
}

@InProceedings{landis2016birs,
    title  = {The {P}hase-field {M}odeling of {H}ydraulic
    {F}racture},
    author = {Landis, C. and Wilson, Z.},
    booktitle = {workshop: {V}ariational {M}odels of {F}racture},
    year = {2016},
    note = {\url{http://www.birs.ca//workshops//2016/16w5090/files/Banff-Landis.pdf}, visited on 2022-05-05},
}

@Article{jin2022robust,
  author    = {Jin, T. and White, J. A. and Settgast, R. R.},
  title     = {A robust finite element-finite volume strategy for viscosity-dominated hydraulic fracture propagation using asymptotic tip enrichment},
  journal   = {Int. J. Numer. Anal. Methods Geomech.},
  publisher = {Wiley Online Library},
  year      = {2022 },
}

@InProceedings{settgast2014simulation,
  author       = {Settgast, R. R. and Johnson, S. M. and Fu, P. and Walsh, S. D. C.},
  booktitle    = {SPE/AAPG/SEG Unconventional Resources Technology Conference},
  title        = {Simulation of hydraulic fracture networks in three dimensions utilizing massively parallel computing resources},
  organization = {OnePetro},
  year         = {2014},
}

@Article{zia2020pyfrac,
  author    = {Zia, H. and Lecampion, B.},
  title     = {Py{F}rac: A planar 3{D} hydraulic fracture simulator},
  pages     = {107368},
  volume    = {255},
  journal   = {Comput. Phys. Commun.},
  publisher = {Elsevier},
  year      = {2020},
}

@InProceedings{mcclure2017three,
  title={A {T}hree-{D}imensional {R}eservoir, {W}ellbore, and {H}ydraulic {F}racturing Simulator that is {C}ompositional and {T}hermal, {T}racks {P}roppant and {W}ater {S}olute {T}ransport, {I}ncludes {N}on-{D}arcy and {N}on-{N}ewtonian {F}low, and {H}andles {F}racture {C}losure},
  author={McClure, Mark W and Kang, Charles A},
  booktitle={SPE Reservoir Simulation Conference},
  year={2017},
  organization={OnePetro}
}

@TechReport{settgast2012simulation,
  author      = {Settgast, R. R. and Johnson, S. M. and Fu, P. and Walsh, S. D. C. and Ryerson, F.},
  institution = {Lawrence Livermore National Lab.(LLNL), Livermore, CA (United States)},
  title       = {Simulation of hydraulic fracture networks in three dimensions},
  year        = {2012},
}

@Article{kopanivcakova2020recursive,
  author    = {Kopani{\v{c}}{\'a}kov{\'a}, A. and Krause, R.},
  title     = {A recursive multilevel trust region method with application to fully monolithic phase-field models of brittle fracture},
  pages     = {112720},
  volume    = {360},
  journal   = {Comput. Methods Appl. Mech. Engrg.},
  publisher = {Elsevier},
  year      = {2020},
}

@Article{brinkman1949calculation,
  author    = {Brinkman, H. C.},
  title     = {A calculation of the viscous force exerted by a flowing fluid on a dense swarm of pArticles},
  number    = {1},
  pages     = {27--34},
  volume    = {1},
  journal   = {Flow Turbul. Combust.},
  publisher = {Springer},
  year      = {1949},
}

%end fueld fracture

@article{hakim2009laws,
  title={Laws of crack motion and phase-field models of fracture},
  author={Hakim, Vincent and Karma, Alain},
  journal={Journal of the Mechanics and Physics of Solids},
  volume={57},
  number={2},
  pages={342--368},
  year={2009},
  publisher={Elsevier}
}

@incollection{rice1973some,
  title={Some further results of J-integral analysis and estimates},
  author={Rice, J and Paris, P and Merkle, J},
  booktitle={Progress in flaw growth and fracture toughness testing},
  year={1973},
  publisher={ASTM International}
}

@phdthesis{tanne2017variational,
  title={Variational phase-field models from brittle to ductile fracture: nucleation and propagation},
  author={Tanne, Erwan},
  year={2017},
  school={Universit{\'e} Paris-Saclay (ComUE)}
}

@article{de2021nucleation,
  title={Nucleation under multi-axial loading in variational phase-field models of brittle fracture},
  author={De Lorenzis, Laura and Maurini, Corrado},
  journal={International Journal of Fracture},
  pages={1--21},
  year={2021},
  publisher={Springer}
}

@article{navidtehrani2022general,
  title={A general framework for decomposing the phase field fracture driving force, particularised to a Drucker--Prager failure surface},
  author={Navidtehrani, Yousef and Beteg{\'o}n, Covadonga and Mart{\'\i}nez-Pa{\~n}eda, Emilio},
  journal={Theoretical and Applied Fracture Mechanics},
  volume={121},
  pages={103555},
  year={2022},
  publisher={Elsevier}
}

@article{hubbert1957mechanics,
  title={Mechanics of hydraulic fracturing},
  author={Hubbert, M King and Willis, David G},
  journal={Transactions of the AIME},
  volume={210},
  number={01},
  pages={153--168},
  year={1957},
  publisher={OnePetro}
}

%Review papers

@incollection{barenblatt1962mathematical,
  title={The mathematical theory of equilibrium cracks in brittle fracture},
  author={Barenblatt, Grigory Isaakovich},
  booktitle={Advances in Applied Mechanics},
  volume={7},
  pages={55--129},
  year={1962},
  publisher={Elsevier}
}

@article{dugdale1960yielding,
  title={Yielding of steel sheets containing slits},
  author={Dugdale, Donald S},
  journal={Journal of the Mechanics and Physics of Solids},
  volume={8},
  number={2},
  pages={100--104},
  year={1960},
  publisher={Elsevier}
}

@article{tanne2018crack,
  title={Crack nucleation in variational phase-field models of brittle fracture},
  author={Tann{\'e}, Erwan and Li, Tianyi and Bourdin, Blaise and Marigo, J-J and Maurini, Corrado},
  journal={Journal of the Mechanics and Physics of Solids},
  volume={110},
  pages={80--99},
  year={2018},
  publisher={Elsevier}
}

@article{legarth2005hydraulic,
  title={Hydraulic fracturing in a sedimentary geothermal reservoir: Results and implications},
  author={Legarth, B and Huenges, Ernst and Zimmermann, G{\"u}nter},
  journal={International Journal of Rock Mechanics and Mining Sciences},
  volume={42},
  number={7-8},
  pages={1028--1041},
  year={2005},
  publisher={Elsevier}
}

@article{papanastasiou2016risk,
  title={On the risk of hydraulic fracturing in CO2 geological storage},
  author={Papanastasiou, Panos and Papamichos, Euripides and Atkinson, Colin},
  journal={International Journal for Numerical and Analytical Methods in Geomechanics},
  volume={40},
  number={10},
  pages={1472--1484},
  year={2016},
  publisher={Wiley Online Library}
}

@inproceedings{sneddon2013crack,
  title={Crack Problems in the Theory of Elasticity},
  author={Sneddon, IN},
  booktitle={Developments in Theoretical and Applied Mechanics: Proceedings of the Third Southeastern Conference on Theoretical and Applied Mechanics},
  pages={73},
  year={2013},
  organization={Elsevier}
}

@article{singh2018finite,
  title={Finite element simulation of pressure-loaded phase-field fractures},
  author={Singh, N and Verhoosel, CV and van Brummelen, EH},
  journal={Meccanica},
  volume={53},
  number={6},
  pages={1513--1545},
  year={2018},
  publisher={Springer}
}

@article{engwer2017phase,
  title={A phase field approach to pressurized fractures using discontinuous Galerkin methods},
  author={Engwer, Christian and Schumacher, Liesel},
  journal={Mathematics and Computers in Simulation},
  volume={137},
  pages={266--285},
  year={2017},
  publisher={Elsevier}
}

@article{giacomini2005ambrosio,
  title={Ambrosio-Tortorelli approximation of quasi-static evolution of brittle fractures},
  author={Giacomini, Alessandro},
  journal={Calculus of Variations and Partial Differential Equations},
  volume={22},
  number={2},
  pages={129--172},
  year={2005},
  publisher={Springer}
}

@article{chambolle2004approximation,
  title={An approximation result for special functions with bounded deformation},
  author={Chambolle, Antonin},
  journal={Journal de Math{\'e}matiques Pures et Appliqu{\'e}es},
  volume={83},
  number={7},
  pages={929--954},
  year={2004},
  publisher={Elsevier}
}

%Interesting math paper
@article{almi2014quasi,
  title={Quasi-static crack growth in hydraulic fracture},
  author={Almi, Stefano and Dal Maso, Gianni and Toader, Rodica},
  journal={Nonlinear Analysis: Theory, Methods \& Applications},
  volume={109},
  pages={301--318},
  year={2014},
  publisher={Elsevier}
}

@inproceedings{chukwudozie2013variational,
  title={A variational approach to the modeling and numerical simulation of hydraulic fracturing under in-situ stresses},
  author={Chukwudozie, Chukwudi and Bourdin, Blaise and Yoshioka, Keita},
  booktitle={Proceedings of the 38th Workshop on Geothermal Reservoir Engineering},
  year={2013},
  organization={Stanford Geothermal Program Stanford, Calif}
}


@article{xia2017phase,
  title={Phase field modeling of hydraulic fracturing with interfacial damage in highly heterogeneous fluid-saturated porous media},
  author={Xia, Liang and Yvonnet, Julien and Ghabezloo, Siavash},
  journal={Engineering Fracture Mechanics},
  volume={186},
  pages={158--180},
  year={2017},
  publisher={Elsevier}
}

@article{mauthe2017hydraulic,
  title={Hydraulic fracture in poro-hydro-elastic media},
  author={Mauthe, Steffen and Miehe, Christian},
  journal={Mechanics Research Communications},
  volume={80},
  pages={69--83},
  year={2017},
  publisher={Elsevier}
}

@article{teichtmeister2019aspects,
  title={Aspects of finite element formulations for the coupled problem of poroelasticity based on a canonical minimization principle},
  author={Teichtmeister, S and Mauthe, S and Miehe, C},
  journal={Computational Mechanics},
  volume={64},
  number={3},
  pages={685--716},
  year={2019},
  publisher={Springer}
}

@article{mauthe2015phase,
  title={Phase-Field Modeling of Hydraulic Fracture},
  author={Mauthe, Steffen and Miehe, Christian},
  journal={Proceedings in Applied Mathematics and Mechanics},
  volume={15},
  number={1},
  pages={141--142},
  year={2015},
  publisher={Wiley Online Library}
}

@article{kienle2016poiseuille,
  title={Poiseuille-Type Fluid Transport in Poro-Elastic Solids at Fracture},
  author={Kienle, Daniel and Mauthe, Steffen and Miehe, Christian},
  journal={Proceedings in Applied Mathematics and Mechanics},
  volume={16},
  number={1},
  pages={149--150},
  year={2016},
  publisher={Wiley Online Library}
}

%CHAD LANDIS PAPER

@inproceedings{alotaibi2020phase,
  title={Phase-field modeling of hydraulic fracture propagation in mechanically heterogeneous formations},
  author={Alotaibi, Talal E and Landis, Chad M and AlTammar, Murtadha J},
  booktitle={International Petroleum Technology Conference},
  year={2020},
  organization={OnePetro}
}

%WEISMANN PAPER - TO READ

@article{yi2020consistent,
  title={A consistent phase field model for hydraulic fracture propagation in poroelastic media},
  author={Yi, Liang-Ping and Waisman, Haim and Yang, Zhao-Zhong and Li, Xiao-Gang},
  journal={Computer Methods in Applied Mechanics and Engineering},
  volume={372},
  pages={113396},
  year={2020},
  publisher={Elsevier}
}

%WHEELER, WICK, MIKELIC

@article{lee2016pressure,
  title={Pressure and fluid-driven fracture propagation in porous media using an adaptive finite element phase field model},
  author={Lee, Sanghyun and Wheeler, Mary F and Wick, Thomas},
  journal={Computer Methods in Applied Mechanics and Engineering},
  volume={305},
  pages={111--132},
  year={2016},
  publisher={Elsevier}
}

@article{lee2018phase,
  title={Phase-field modeling of two phase fluid filled fractures in a poroelastic medium},
  author={Lee, Sanghyun and Mikelic, Andro and Wheeler, Mary F and Wick, Thomas},
  journal={Multiscale Modeling \& Simulation},
  volume={16},
  number={4},
  pages={1542--1580},
  year={2018},
  publisher={SIAM}
}

%Global Local
@article{aldakheel2021global,
  title={A global--local approach for hydraulic phase-field fracture in poroelastic media},
  author={Aldakheel, Fadi and Noii, Nima and Wick, Thomas and Wriggers, Peter},
  journal={Computers \& Mathematics with Applications},
  volume={91},
  pages={99--121},
  year={2021},
  publisher={Elsevier}
}


%WaiChing Sun
@article{choo2018cracking,
  title={Cracking and damage from crystallization in pores: Coupled chemo-hydro-mechanics and phase-field modeling},
  author={Choo, Jinhyun and Sun, WaiChing},
  journal={Computer Methods in Applied Mechanics and Engineering},
  volume={335},
  pages={347--379},
  year={2018},
  publisher={Elsevier}
}

@article{suh2021immersed,
  title={An immersed phase field fracture model for microporomechanics with Darcy--Stokes flow},
  author={Suh, Hyoung Suk and Sun, WaiChing},
  journal={Physics of Fluids},
  volume={33},
  number={1},
  pages={016603},
  year={2021},
  publisher={AIP Publishing LLC}
}

%Ni and Huang
@article{ni2020phase,
  title={Phase-field modeling of hydraulic fracture network propagation in poroelastic rocks},
  author={Ni, Lin and Zhang, Xue and Zou, Liangchao and Huang, Jinsong},
  journal={Computational Geosciences: Modeling, Simulation and Data Analysis},
  year={2020},
  publisher={Springer Nature}
}

@article{hassebroek1964advancements,
  title={Advancements through 15 years of fracturing},
  author={Hassebroek, WE and Waters, AB},
  journal={Journal of Petroleum Technology},
  volume={16},
  number={07},
  pages={760--764},
  year={1964},
  publisher={OnePetro}
}

@book{smith2015hydraulic,
  title={Hydraulic Fracturing},
  author={Smith, Michael Berry and Montgomery, Carl},
  year={2015},
  publisher={Crc Press}
}

@book{economides1989reservoir,
  title={Reservoir Stimulation},
  author={Economides, Michael J and Nolte, Kenneth G and others},
  volume={2},
  year={1989},
  publisher={Prentice Hall Englewood Cliffs, NJ}
}

%simoni and secchi

@article{secchi2007mesh,
  title={Mesh adaptation and transfer schemes for discrete fracture propagation in porous materials},
  author={Secchi, Stefano and Simoni, Luciano and A. Schrefler, Bernhard},
  journal={International Journal for Numerical and Analytical Methods in Geomechanics},
  volume={31},
  number={2},
  pages={331--345},
  year={2007},
  publisher={Wiley Online Library}
}

@article{secchi2012method,
  title={A method for 3-D hydraulic fracturing simulation},
  author={Secchi, Schrefler and Schrefler, BA},
  journal={International Journal of Fracture},
  volume={178},
  number={1-2},
  pages={245--258},
  year={2012},
  publisher={Springer}
}

@article{ehlers2017phase,
  title={A phase-field approach embedded in the theory of porous media for the description of dynamic hydraulic fracturing},
  author={Ehlers, Wolfgang and Luo, Chenyi},
  journal={Computer methods in applied mechanics and engineering},
  volume={315},
  pages={348--368},
  year={2017},
  publisher={Elsevier}
}

%results section

@article{kumar2020revisiting,
  title={Revisiting nucleation in the phase-field approach to brittle fracture},
  author={Kumar, Aditya and Bourdin, Blaise and Francfort, Gilles A and Lopez-Pamies, Oscar},
  journal={Journal of the Mechanics and Physics of Solids},
  volume={142},
  pages={104027},
  year={2020},
  publisher={Elsevier}
}

@ARTICLE{Fortunato2010,
  author  = {Fortunato, S.},
  title   = {Community detection in graphs},
  journal = {Phys. Rep.-Rev. Sec. Phys. Lett.}, 
  volume  = {486},
  year    = {2010},
  pages   = {75-174}
}

@ARTICLE{NewmanGirvan2004,
  author  = {Newman, M. E. J. and Girvan, M.},
  title   = {Finding and evaluating community structure in networks},
  journal = {Phys. Rev. E.}, 
  volume  = {69},
  year    = {2004},
  pages   = {026113}
}

@ARTICLE{Vehlowetal2013,
  author  = {Vehlow, C. and Reinhardt, T. and Weiskopf, D.},
  title   = {Visualizing Fuzzy Overlapping Communities in Networks},
  journal = {IEEE Trans. Vis. Comput. Graph.}, 
  volume  = {19},
  year    = {2013},
  pages   = {2486-2495}
}

@ARTICLE{Raghavanetal2007,
  author  = {Raghavan, U. and Albert, R. and Kumara, S.},
  title   = {Near linear time algorithm to detect community structures in large-scale networks},
  journal = {Phys. Rev E.}, 
  volume  = {76},
  year    = {2007},
  pages   = {036106}
}

@ARTICLE{SubeljBajec2011a,
  author  = {\v{S}ubelj, L. and Bajec, M.},
  title   = {Robust network community detection using balanced propagation},
  journal = {Eur. Phys. J. B.}, 
  volume  = {81},
  year    = {2011},
  pages   = {353-362}
}

@ARTICLE{Louetal2013,
  author  = {Lou, H. and Li, S. and Zhao, Y.},
  title   = {Detecting community structure using label propagation with weighted coherent neighborhood propinquity},
  journal = {Physica A.}, 
  volume  = {392},
  year    = {2013},
  pages   = {3095-3105}
}

@ARTICLE{Clausetetal2004,
  author  = {Clauset, A. and Newman, M. E. J. and Moore, C.},
  title   = {Finding community structure in very large networks},
  journal = {Phys. Rev. E.}, 
  volume  = {70},
  year    = {2004},
  pages   = {066111}
}

@ARTICLE{Blondeletal2008,
  author  = {Blondel, V. D. and Guillaume, J. L. and Lambiotte, R. and Lefebvre, E.},
  title   = {Fast unfolding of communities in large networks},
  journal = {J. Stat. Mech.-Theory Exp.}, 
  volume  = {2008},
  year    = {2008},
  pages   = {P10008}
}

@ARTICLE{SobolevskyCampari2014,
  author  = {Sobolevsky, S. and Campari, R.},
  title   = {General optimization technique for high-quality community detection in complex networks},
  journal = {Phys. Rev. E.}, 
  volume  = {90},
  year    = {2014},
  pages   = {012811}
}

@ARTICLE{FortunatoBarthelemy2007,
  author  = {Fortunato, S. and Barthelemy, M.},
  title   = {Resolution limit in community detection},
  journal = {Proc. Natl. Acad. Sci. U. S. A.}, 
  volume  = {104},
  year    = {2007},
  pages   = {36-41}
}

@ARTICLE{SubeljBajec2011b,
  author  = {\v{S}ubelj, L. and Bajec, M.},
  title   = {Unfolding communities in large complex networks: Combining defensive and offensive label propagation for core extraction},
  journal = {Phys. Rev. E.}, 
  volume  = {83},
  year    = {2011},
  pages   = {036103}
}

@ARTICLE{WangLi2013,
  author  = {Wang, X. and Li, J.},
  title   = {Detecting communities by the core-vertex and intimate degree in complex networks},
  journal = {Physica A.}, 
  volume  = {392},
  year    = {2013},
  pages   = {2555-2563}
}

@ARTICLE{Lietal2013,
  author  = {Li, J. and Wang, X. and Eustace, J.},
  title   = {Detecting overlapping communities by seed community in weighted complex networks},
  journal = {Physica A.}, 
  volume  = {392},
  year    = {2013},
  pages   = {6125-6134}
}

@ARTICLE{Fabioetal2013,
  author  = {Fabio, D. R. and Fabio, D. and Carlo, P.},
  title   = {Profiling core-periphery network structure by random walkers},
  journal = {Sci. Rep.}, 
  volume  = {3},
  year    = {2013},
  pages   = {1467}
}

@ARTICLE{Chenetal2013,
  author  = {Chen, Q. and Wu, T. T. and Fang, M.},
  title   = {Detecting local community structure in complex networks based on local degree central nodes},
  journal = {Physica A.}, 
  volume  = {392},
  year    = {2013},
  pages   = {529-537}
}

@ARTICLE{Zhangetal2007,
  author  = {Zhang, S. and Wang, R. and Zhang, X.},
  title   = {Identification of overlapping community structure in complex networks using fuzzy c-means clustering},
  journal = {Physica A.}, 
  volume  = {374},
  year    = {2007},
  pages   = {483-490}
}

@ARTICLE{Nepuszetal2008,
  author  = {Nepusz, T. and Petr\'oczi, A. and N\'egyessy, L. and Bazs\'o, F.},
  title   = {Fuzzy communities and the concept of bridgeness in complex networks},
  journal = {Phys. Rev. E.}, 
  volume  = {77},
  year    = {2008},
  pages   = {016107}
}

@ARTICLE{FabricioLiang2013,
  author  = {Fabricio, B. and Liang, Z.},
  title   = {Fuzzy community structure detection by particle competition and cooperation},
  journal = {Soft Comput.}, 
  volume  = {17},
  year    = {2013},
  pages   = {659-673}
}

@ARTICLE{Sunetal2011,
  author  = {Sun, P. and Gao, L. and Han, S.},
  title   = {Identification of overlapping and non-overlapping community structure by fuzzy clustering in complex networks},
  journal = {Inf. Sci.}, 
  volume  = {181},
  year    = {2011},
  pages   = {1060-1071}
}

@ARTICLE{Wangetal2013,
  author  = {Wang, W. and Liu, D. and Liu, X. and Pan, L.},
  title   = {Fuzzy overlapping community detection based on local random walk and multidimensional scaling},
  journal = {Physica A.}, 
  volume  = {392},
  year    = {2013},
  pages   = {6578-6586}
}

@ARTICLE{Psorakisetal2011,
  author  = {Psorakis, I. and Roberts, S. and Ebden, M. and Sheldon, B.},
  title   = {Overlapping community detection using Bayesian non-negative matrix factorization},
  journal = {Phys. Rev. E.}, 
  volume  = {83},
  year    = {2011},
  pages   = {066114}
}

@CONFERENCE{ZhangYeung2012,
  author  = {Zhang, Y. and Yeung, D.},
  title   = {Overlapping Community Detection via Bounded Nonnegative Matrix Tri-Factorization},
  booktitle = {In Proc. ACM SIGKDD Conf.}, 
  year    = {2012},
  pages   = {606-614}
}

@ARTICLE{Liu2010,
  author  = {Liu, J.},
  title   = {Fuzzy modularity and fuzzy community structure in networks},
  journal = {Eur. Phys. J. B.}, 
  volume  = {77},
  year    = {2010},
  pages   = {547-557}
}

@ARTICLE{Havensetal2013,
  author  = {Havens, T. C. and Bezdek, J. C. and Leckie, C., Ramamohanarao, K. and Palaniswami, M.},
  title   = {A Soft Modularity Function For Detecting Fuzzy Communities in Social Networks},
  journal = {IEEE Trans. Fuzzy Syst.}, 
  volume  = {21},
  year    = {2013},
  pages   = {1170-1175}
}

@misc{Newman2013,
  author = {Newman, M. E. J.},
  title  = {Network data},
  howpublished = "\url{http://www-personal.umich.edu/~mejn/netdata/}",
  year = {2013}
}

@ARTICLE{SubeljBajec2012,
  author  = {\v{S}ubelj, L. and Bajec, M.},
  title   = {Ubiquitousness of link-density and link-pattern communities in real-world networks},
  journal = {Eur. Phys. J. B.}, 
  volume  = {85},
  year    = {2012},
  pages   = {1-11}
}

@ARTICLE{Lancichinettietal2008,
  author  = {Lancichinetti, A. and Fortunato, S. and Radicchi, F.},
  title   = {Benchmark graphs for testing community detection algorithms},
  journal = {Phys. Rev. E.}, 
  volume  = {78},
  year    = {2008},
  pages   = {046110}
}

@ARTICLE{Liuetal2014,
  author  = {Liu, W. and Pellegrini, M. and Wang, X.},
  title   = {Detecting Communities Based on Network Topology},
  journal = {Sci. Rep.}, 
  volume  = {4},
  year    = {2014},
  pages   = {5739}
}

@ARTICLE{Danonetal2005,
  author  = {Danon, L. and Diaz-Guilera, A. and Duch, J. and Arenas, A.},
  title   = {Comparing community structure identification},
  journal = {J. Stat. Mech.-Theory Exp.}, 
  volume  = {},
  year    = {2005},
  pages   = {P09008}
}

@ARTICLE{Gregory2011,
  author  = {Gregory, S.},
  title   = {Fuzzy overlapping communities in networks},
  journal = {J. Stat. Mech.-Theory Exp.}, 
  volume  = {},
  year    = {2011},
  pages   = {P02017}
}

@ARTICLE{LancichinettiFortunato2009,
  author  = {Lancichinetti, A. and Fortunato, S.},
  title   = {Benchmarks for testing community detection algorithms on directed and weighted graphs with overlapping communities},
  journal = {Phys. Rev. E.}, 
  volume  = {80},
  year    = {2009},
  pages   = {016118}
}

@CONFERENCE{HullermeierRifqi2009,
  author  = {Hullermeier, E. and Rifqi, M.},
  title   = {A Fuzzy Variant of the Rand Index for Comparing Clustering Structures},
  booktitle = {in Proc. IFSA/EUSFLAT Conf.}, 
  year    = {2009},
  pages   = {1294-1298}
}
